2584 4736
362 327 416 392 sn
439 325 738 424 anorsuoosu.
841 335 843 344 ’
1010 295 1055 400 ιι

38 497 171 580 pietatis
193 497 319 560 mentio·
335 512 396 565 nn
415 497 574 562 inliclstar.
596 453 766 564 'minirum
781 499 857 564 “hro
875 511 1002 583 'qsoqas
1024 499 1056 568 ia

38 605 75 645 re
107 583 310 666 philosophus
342 585 481 646 Socratis.
500 585 711 648 anctoritatem
731 585 829 648 adhuc
850 595 973 650 secutus
996 598 1055 666 est,

39 690 137 750 quom
158 671 290 750 quinque
310 671 431 732 virtutis
456 678 561 750 partes
581 672 728 752 imprimis
749 672 946 749 discrevisse,
967 682 1056 738 certe
1105 724 1114 744 .

39 759 192 836 pietatem
216 774 277 817 nou
297 755 403 816 ultimo
425 757 494 818 loco
514 757 669 831 hahuisse,
692 775 711 818 s
731 755 1057 824 Memorshihhnslle-
1161 793 1163 802 v

39 836 253 925 nophontis,*)
285 847 422 923 apparet.
464 841 571 921 Neque
591 843 666 903 illud
687 861 705 903 a
727 841 882 905 Socratica
899 845 1056 927 disciplina
1154 903 1157 908 .
1213 837 1236 875 7

39 945 172 1008 prorsus
193 927 349 1002 aluums,
371 927 451 1006 qnod
468 927 633 998 *honestum
655 933 689 988 et
707 927 869 990 iucundum
890 930 970 992 idern
985 948 1056 994 usse

41 1015 99 1088 ait,
122 1013 258 1090 adeoque
279 1014 436 1092 uoluptate
456 1010 499 1074 its
519 997 680 1074 truentum
695 1013 869 1089 arbitratur,
891 1017 1055 1078 utssl'slus

40 1117 136 1158 nsum
159 1097 304 1177 sapientis
325 1098 503 1158 adhiheatur
516 1099 577 1170 **).
619 1099 791 1175 Quanquam
813 1099 893 1160 haud
915 1103 997 1178 scio,
1017 1121 1056 1166 ιι

40 1182 190 1244 Socrates
216 1183 248 1243 in
275 1201 312 1244 eo
339 1183 408 1244 loco
430 1183 688 1270 potiusyipsornm
710 1183 912 1264 sophistarum
935 1189 1057 1268 opinio·

38 1287 98 1330 ues
113 1271 179 1340 ml)
202 1269 359 1347 sophistae
379 1273 546 1348 proponat,
567 1285 626 1346 quo
648 1267 768 1330 facilius
791 1286 858 1332 eum
882 1272 992 1334 deinde
1011 1274 1057 1334 la·
1151 1319 1153 1323 -

41 1356 132 1433 queis
162 1352 478 1417 dialecticisirretiat.
520 1353 642 1416 Etenim
663 1353 820 1416 Platonem
852 1356 952 1436 ipsum
978 1357 1056 1422 nass
1169 1363 1173 1377 '

40 1457 104 1500 non
122 1441 286 1520 probasse,
308 1438 364 1500 seul
385 1439 505 1518 evulgi
526 1441 669 1520 opinions
690 1446 724 1500 et
742 1446 849 1502 mente
878 1443 1057 1522 suplicasse,

40 1525 92 1586 rel
114 1523 189 1586 ithnl
212 1543 272 1586 non
293 1523 424 1586 obscure
445 1524 611 1604 significat,
633 1524 712 1603 qood
733 1526 872 1588 absoluta
892 1526 982 1590 huius
1003 1548 1055 1591 sr-

40 1612 180 1690 gnmenti
201 1611 407 1688 disputatione
428 1629 459 1688 p.
480 1610 553 1672 354.
573 1609 612 1673 E.
633 1629 679 1690 sq.
700 1609 851 1672 adduntur
863 1611 958 1676 haece
978 1610 1053 1678 stt·

41 1696 92 1758 ἔτι
121 1697 177 1758 καὶ
204 1695 264 1758 νῦν
279 1691 494 1758 Ιἀνιιθιὲιιιὲιαι
522 1692 663 1796 ἔξεστιν,
692 1691 721 1758 si'
747 1717 792 1784 sup
815 1696 899 1780 ἔχετε
920 1694 1001 1763 ἄλλο
1021 1721 1057 1763 τι

42 1774 153 1885 φάναι
180 1777 266 1844 εἶναι
296 1773 335 1842 τὸ
365 1772 551 1861 opacior>
579 1772 641 1856 τὴν
668 1773 809 1858 ἡδονήν,
839 1773 862 1859 ἢ
888 1777 927 1847 τὸ
950 1777 1056 1848 κακὰν
1151 1821 1153 1829 ι

42 1861 125 1928 ἄλλο
155 1887 188 1928 τι
216 1857 237 1942 ἢ
266 1857 327 1942 τὴν
358 1860 474 1928 ἀνίαν·
501 1855 524 1940 ἢ
551 1859 646 1946 ἀρκεῖ
672 1860 770 1948 ὑμῖν
790 1859 830 1929 τὸ
853 1868 1058 1949 καταβιῶναι

41 1943 106 2014 τὸν
125 1948 204 2032 βίον
224 1943 302 2014 ἄνευ
323 1949 450 2024 ionum
493 1949 572 2027 Quiri
594 1951 676 2030 quun
696 1949 750 2014 ille
771 1952 882 2014 hounm
896 1956 1056 2020 aiuonaslo

43 2039 197 2098 diversum
219 2037 340 2098 esseio
361 2036 428 2097 aliis
449 2037 638 2098 sermonibus
659 2037 764 2098 subtili
777 2037 982 2119 disputatione
1002 2061 1057 2104 es·

42 2123 159 2203 plicare
187 2129 313 2183 conatus
340 2123 414 2183 cst‘l
460 2120 599 2200 Denique
626 2138 752 2200 prorsus
772 2122 970 2188 Socraticum
996 2133 1076 2202 sst‚'

43 2207 126 2286 qnod
157 2208 301 2268 virtutem
328 2205 432 2267 doceri
453 2225 546 2286 posse
568 2205 771 2285 significatur,
793 2209 820 2269 si
842 2211 961 2286 quidem
982 2211 1056 2277 insit

43 2293 75 2354 iu
97 2294 231 2354 scientia.
274 2284 431 2352 Socratem
453 2292 533 2352 eninr
553 2291 688 2352 novimus
709 2293 745 2352 ιιΙ
769 2293 938 2374 perlectam
957 2298 1056 2358 virta-

44 2388 109 2439 tem
132 2379 190 2439 tria
209 2379 324 2456 requiri
344 2377 540 2452 iudicavisse,
562 2383 688 2438 naturae
708 2378 887 2456 honitatem,
907 2384 1057 2445 canoni

43 2466 168 2539 tionem,
190 2463 356 2525 doctrinam
365 2457 461 2548 ****).

130 2582 193 2644 Sed
220 2581 296 2643 haec
317 2581 385 2662 ipss
414 2582 456 2643 ita
487 2586 769 2664 comparaturum,
795 2585 831 2644 nt
856 2582 895 2644 ad
924 2587 1056 2664 tempus,
1093 2585 1097 2596 “
1152 2597 1158 2611 ·

47 2688 107 2750 quo
133 2668 269 2747 dialogus
289 2667 480 2748 conscriptus
503 2669 560 2742 sit,
585 2669 754 2729 accuratius
777 2666 978 2729 deliniendum
1000 2669 1057 2729 ali·
1090 2663 1096 2670 ’

48 2754 120 2834 qnid
133 2753 274 2814 conferre
285 2752 452 2815 rideantur.
485 2752 574 2832 Quod
589 2755 668 2814 enim
681 2753 882 2834 philosophus
897 2772 944 2828 eo,
967 2772 1056 2832 quem

46 2839 277 2920 adscripsimus,
306 2839 374 2899 loco
404 2837 582 2918 significavit
605 2840 643 2899 de
663 2837 792 2898 iucundo
815 2844 905 2918 atquc
925 2841 1057 2900 honesto

47 2928 138 2987 etiam
167 2924 255 2985 aliter
280 2940 373 3003 posse
399 2923 541 2998 indicari3
567 2925 646 2985 hanc
673 2925 851 2984 sententiam
867 2921 921 2984 iu'
943 2919 1058 3002 Gorgia

46 3016 186 3072 accurata
207 3008 413 3090 disputatione
434 3009 611 3086 illustravit,
631 3010 663 3070 iu
685 3026 745 3088 quo
765 3007 842 3070 libro
864 3005 1057 3070 honestatem

82 3311 107 3382 ·)
124 3309 267 3386 ξιιιοριι.
285 3310 352 3364 enim
370 3309 427 3364 libr.
444 3309 490 3374 IV,
509 3315 536 3375 8,
557 3313 607 3374 ru,
627 3306 672 3362 nbi
689 3323 755 3375 quae
767 3307 799 3360 de
811 3309 921 3362 Socrate
931 3310 1059 3377 exposuit,

134 3381 225 3451 paucis
245 3377 453 3446 comprehendit,
474 3377 530 3429 sius
547 3376 724 3448 pictatem,
743 3379 919 3442 iustitiam,
938 3386 1059 3446 tempe·

79 3503 87 3512 ,
132 3450 288 3514 tantiam,
307 3446 506 3516 sapientiam
524 3445 638 3500 laudans.
674 3446 744 3500 Quid
761 3445 829 3512 quod
848 3444 983 3498 Socratem
1000 3449 1057 3498 libr.

132 3519 160 3583 l,
181 3523 210 3583 l,
230 3523 270 3568 tu.
289 3515 321 3568 dc
338 3519 473 3584 pietate
491 3517 526 3567 ita
545 3515 716 3582 disputantem
733 3513 806 3577 lucit,
826 3520 855 3565 ut
868 3513 893 3566 ci
910 3529 972 3580 prae
989 3523 1065 3582 uete-¹
1150 3587 1154 3592 Ι
1213 3516 1215 3522 ’

131 3588 167 3640 ris
183 3587 318 3638 virtutibus
334 3587 448 3654 palmam
466 3584 569 3636 tribuat.

82 3673 119 3741 ⁸‘)
135 3673 166 3725 V.
184 3689 209 3738 p.
229 3675 292 3722 ³⁵1:
306 3673 405 3736 hano.
425 3670 498 3721 Cunt.
517 3653 902 3723 Stiudliu.'Gesclrtchts
920 3665 975 3718 der
995 3665 1060 3718 hlu-
1165 3729 1167 3732 Ι

134 3739 398 3808 rslpluilosophie
423 3754 449 3806 p.
474 3743 560 3789 91-
582 3743 640 3802 su,
667 3737 710 3790 unt
737 3735 770 3788 de
795 3732 1062 3790 Socratia'ssutensts

128 3817 207 3862 acute
225 3809 378 3876 disputatur.

67 3892 113 3961 ”’)
135 3891 202 3946 Nam
225 3893 353 3961 sophistas
381 3893 466 3944 omnia
492 3891 526 3944 ad
555 3889 623 3942 vitae
646 3889 828 3942 iucunditatem
851 3897 878 3942 et
902 3891 1062 3956 voluptatem
1093 3954 1100 3965 Ι
1160 3902 1164 3908 ·

134 3962 250 4013 retulisse
267 3965 332 4014 satis
350 3968 459 4014 constat.
476 3977 500 4012 v.
520 3960 634 4012 Praelat.
651 3960 684 4010 ad
702 3956 835 4026 Gorgiam.

51 4047 107 4116 η··)
129 4045 160 4099 v.
180 4045 322 4116 Xenoph.
348 4047 428 4102 Mem.
448 4044 488 4108 11,
514 4050 542 4109 o,
561 4037 669 4109 ao.'111,
689 4049 718 4108 o,
740 4047 751 4092 1
775 4072 798 4110 7
823 4049 847 4094 a.
872 4041 923 4108 IV,
945 4047 974 4106 1,
993 4047 1016 4094 ι.
1036 4047 1060 4094 ι.
1175 4054 1177 4058 ·
1232 4075 1234 4082 .

86 4108 88 4112 ’
134 4111 1061 4236 lsvssuhr.0011.Ptat.deltep..vl.p.sss.-saa.n.vl1.p.
1137 4119 1142 4125 “

189 4224 195 4238 .
240 4199 319 4251 .sqq.
908 4216 917 4237 ι

94 4269 160 4324 Plat.
179 4260 247 4338 Opp.
265 4269 322 4324 Vol.
342 4269 373 4320 11.
392 4267 462 4321 Seut·
481 4265 513 4319 ll.
805 4269 827 4331 3
