2594 4734
402 271 747 341 rnornuonss.
862 219 865 226 ⁴
1032 275 1077 340 ss

65 470 196 534 πτομαι
228 449 286 516 καὶ
316 442 410 534 οἶμαί
442 450 475 516 τέ
512 470 549 518 σε
583 451 687 532 λέγειν
712 443 767 516 διὰ
792 443 831 517 τὸ
857 443 1015 536 ἡγεῖσθαί
1039 472 1076 520 σε
1114 491 1120 505 ν

66 551 201 617 πολλῶν
234 551 296 635 μέν
326 552 482 638 έμπειρον
506 555 694 634 γεγονέναι,
727 546 835 618 πολλὰ
859 553 894 617 ri
918 553 1078 638 μεμαθη·

66 657 176 732 κέναι,
201 646 244 716 τὰ
271 651 306 717 δέ
332 645 438 726 αὐτὸν
462 648 677 738 ἐξευρηκέναι.
700 657 728 718 ei
754 639 816 718 οὖν
840 654 919 738 λᾶας
942 658 1075 736 έναργέ-
1107 641 1110 646 ’

65 772 189 840 στερον
219 747 300 838 ἡμῖν
329 749 517 830 ἐπιδεῖξαι,
532 747 577 828 ὡς
603 743 758 818 ’διδακτόν
788 756 878 818 ἐστιν
908 747 930 834 ἡ
961 747 1073 841 ἀρετή,

64 846 114 938 μὴ
145 848 345 944 φθονήσῃς,
377 847 453 918 ἀλλ’
489 849 659 931 ἐπίδειξον.
704 847 811 930 Ἀλλ’,
834 841 859 918 ὦ
885 847 1074 940 Σώκρατες,
1103 877 1130 940 0
1269 837 1272 852 Ι

65 957 151 1042 έφη,
186 950 226 1022 οὐ
259 949 439 1043 φθονήσω.
465 947 552 1018 ἀλλὰ
577 947 716 1039 πότερον
738 948 832 1036 ὑμῖν,
866 948 910 1030 ὡς
933 955 1075 1042 πρεσβύ-
1196 943 1202 954 ’

20 1113 24 1119 .
65 1077 166 1136 τερος
188 1058 365 1138 νεωτέροις,
389 1054 508 1138 μῦθον
533 1055 634 1134 λέγων
658 1051 811 1132 ἐπιδείξαι,
835 1048 856 1134 ἢ
881 1046 968 1142 λόγῳ
993 1056 1076 1136 διεξ-

66 1148 200 1236 altissim
249 1154 380 1220 Πολλοὶ
412 1141 474 1221 οὖν
505 1149 598 1237 αὐτῷ
631 1149 800 1236 ὑπέλαβον
832 1155 900 1220 τῶν
922 1178 1078 1242 παρακα-

66 1257 250 1338 θημένων,
279 1250 442 1344 ὁποτέρως
469 1249 651 1343 βούλοιτο,
687 1249 772 1320 οὕτω
799 1251 957 1338 διεξιέναι.
1007 1260 1078 1324 Δο-

66 1363 120 1422 κεῖ
144 1358 259 1422 τοίνυν
282 1341 356 1442 μοι,
388 1357 470 1448 lun,
503 1359 715 1446 χαριέστερον
748 1351 833 1422 εἶναι
857 1355 976 1442 μῦθον
1000 1352 1079 1446 ὑμῖν

65 1457 184 1541 λέγειν.

140 1717 173 1769 Β.
208 1713 368 1786 διδακτὸν
389 1714 639 1787 ιλναιᾶριτῆν]
668 1715 700 1771 V.
718 1715 767 1784 τὴν
784 1711 826 1788 ἄρ.
861 1717 1002 1770 Articulum
1019 1717 1079 1770 libri

57 1787 338 1923 gussmigfffiffqff
355 1793 529 1855 aspernentur.
547 1791 572 1839 i.
590 1797 615 1855 p.
635 1791 694 1839 ³24.
711 1789 745 1840 Δ.
764 1787 794 1840 (i.
812 1804 837 1857 p.
857 1787 970 1874 noxii.
981 1805 1006 1856 p.
1016 1793 1078 1842 328.

17 2001 20 2006 ,
142 1956 173 2010 G.
207 1955 326 2025 ἢλὸγῳ
345 1954 535 2024 διεξελθών]
552 1953 614 2009 Bas.
634 1962 659 2007 2.
677 1957 753 2011 codd.
772 1956 886 2010 Florae.
904 1973 927 2011 o·
946 1958 1080 2016 διεξελθαῖ.

68 2025 136 2080 Mos
153 2023 222 2080 οὕτω
234 2032 300 2079 ante
316 2025 433 2080 διεξιέναι
456 2033 559 2080 tuentur
573 2023 654 2083 sodd.
670 2028 787 2094 plerique
803 2041 901 2081 omnes.
919 2027 991 2094 Vett.
1007 2027 1079 2092 editt.

68 2110 207 2163 perperam
224 2095 355 2148 omittunt.
992 2133 996 2142 ,

68 2293 239 2365 ριοπιοιλιοο
255 2297 280 2350 in
297 2311 391 2365 genere
408 2295 509 2352 licentia
526 2311 551 2350 v·
601 2298 688 2363 Quum
704 2299 737 2364 ii,
756 2297 800 2364 qui
817 2295 997 2362 antiquissimis
1014 2303 1083 2351 tem.

70 2367 214 2418 Gronov.
240 2363 553 2428 etDrapkenborclr.
600 2371 705 2436 poribus
733 2367 804 2434 apud
830 2367 946 2418 Graecos
967 2368 1084 2422 exstitis-

54 2435 106 2487 ‘ad
126 2435 184 2485 Lis.
209 2434 239 2500 1,
264 2441 304 2487 oo.
329 2441 394 2491 extr.
430 2435 552 2488 Ceterum
601 2445 660 2491 sent
681 2435 836 2505 philosophi,
862 2435 1001 2501 sapientiae
1024 2440 1083 2504 pla.

70 2505 205 2568 eleganter
225 2507 330 2570 ponitur
355 2502 482 2558 ἇιιέδαιιιι
508 2518 553 2556 re·
601 2507 654 2559 cita
675 2513 702 2558 et
718 2510 859 2572 praecepta
879 2504 916 2556 its
932 2508 1084 2571 proposuis-

70 2571 179 2638 spieitur
207 2573 274 2625 enim
303 2573 336 2626 ad
371 2586 553 2640 praegressum
601 2581 669 2639 sent,
685 2579 716 2625 ut
727 2589 840 2640 poeseos
850 2575 1007 2625 ornamentis
1023 2582 1084 2628 ute·

70 2641 263 2706 ααταθέμενος.
274 2667 309 2679 -
337 2639 355 2693 δ’
370 2661 402 2692 τι
415 2639 478 2709 χρή
484 2659 554 2691 σαι·
600 2649 689 2696 rentur
705 2643 739 2694 ad
757 2660 789 2697 ea
799 2641 949 2694 illustranda
967 2647 994 2694 et
1010 2659 1094 2698 com·-

70 2726 110 2760 το
126 2706 224 2777 aurp.
240 2711 322 2776 Gorg.
338 2712 476 2778 pesth.
492 2708 553 2760 cri·
602 2711 761 2776 mundanda,
793 2712 873 2763 veluti
899 2710 1084 2778 Empedocles,

71 2781 127 2829 ton.
151 2793 176 2844 p.
199 2783 241 2830 45.
259 2777 292 2832 B.
311 2779 431 2847 Sympos
448 2794 474 2844 p.
492 2780 553 2828 2lo.
600 2779 786 2846 Xenophanes,
812 2775 998 2843 Parmenides,
1019 2781 1086 2848 Epi-

72 2846 103 2897 C.
121 2845 262 2913 Xenoph.
285 2847 368 2900 Anah.
384 2849 436 2912 111,
458 2849 553 2911 l,4la
603 2848 739 2911 chamus,
772 2847 827 2899 aliis
857 2846 1000 2898 mirandum
1030 2853 1085 2904 non'
1164 2902 1167 2911 ,

72 2913 122 2964 οὐκ
144 2913 205 2964 οἶδα
228 2913 246 2966 ‹i'
267 2934 294 2965 τι
315 2915 348 2966 ἄν
372 2934 409 2974 τις
426 2913 554 2982 χρήσαιτο
604 2922 659 2980 eet,
683 2913 754 2981 quod
778 2914 855 2966 etiam
871 2915 1021 2980 posterioris
1037 2933 1085 2970 ae-

71 2981 171 3042 αὕτοῖς.
223 2984 263 3037 De
304 2985 495 3036 constructione
528 2997 553 3033 v.
602 2985 665 3036 tetis
693 2983 823 3050 sapientes
852 2983 886 3036 ad
916 2983 1111 3056 declarandas⁸

72 3049 190 3104 Matth.
214 3052 238 3118 5.
256 3056 315 3106 llo.
338 3052 433 3106 Rost.
455 3051 480 3116 §.
497 3054 556 3104 lot.
604 3054 736 3120 opiniones
751 3067 811 3104 sues
829 3052 943 3118 poeticas
960 3053 1091 3117 adhrhnes

72 3125 161 3172 annot.
181 3125 205 3169 5.
604 3127 665 3176 runt
673 3121 840 3185 uenationes,
857 3137 908 3186 quo
919 3123 1085 3180 severitatem

108 3187 142 3239 Β.
177 3184 371 3258 κάμπτομαι
387 3187 443 3240 καλ
458 3186 555 3258 ολμαι
603 3190 743 3256 sapientiae
761 3194 934 3256 temperarent
943 3190 1085 3249 fabularum

72 3257 121 3324 -]
141 3257 292 3324 Opportune
304 3257 555 3324 comparavitHeiu-
604 3258 730 3310 suavitate
748 3263 775 3309 et
788 3259 952 3314 iucunditate.
988 3259 1023 3312 Et
1035 3261 1085 3312 hoe

73 3326 171 3378 dontius
197 3325 339 3394 Thucyd.
357 3327 408 3389 llI,
428 3333 475 3378 58:
498 3324 555 3375 ιιαέ-
604 3326 709 3392 quidem
717 3324 911 3392 philosophandi
927 3342 1023 3395 genere
1043 3336 1086 3381 et-

72 3412 119 3446 τοι
134 3392 257 3462 ἀξιοῦμεν
268 3421 303 3434 -
314 3398 469 3463 καμφθῆναι
486 3391 556 3461 ὑμᾶς
605 3396 657 3448 iam
676 3394 807 3460 ophistae
815 3395 856 3446 usi
873 3411 933 3449 esse
950 3398 1087 3464 reperiun-

73 3462 117 3515 ιιιιλ
140 3469 316 3530 μεταγνῶναι,
339 3467 363 3518 sl
382 3483 410 3515 τι
427 3460 479 3515 ὑπὸ
501 3463 558 3528 Θη·
605 3471 662 3528 tur,
678 3479 730 3529 quo
747 3463 830 3528 magis
847 3463 967 3518 iuvenum
985 3466 1086 3518 animos

73 3532 160 3600 βοέων
176 3533 327 3596 iustaeqne
346 3535 400 3586 iure
417 3533 453 3585 ibi
466 3545 557 3598 asper·
606 3531 768 3597 eloquentiae
800 3532 925 3584 illecebris
962 3539 1098 3600 caperent
1196 3525 1200 3542 '

72 3616 139 3652 naus
147 3601 255 3654 alteram
265 3603 401 3654 lectionem
412 3605 558 3670 μιαμφθῆ·
607 3606 750 3667 captosque
757 3601 881 3654 tenerent.
914 3599 984 3656 Nota
1000 3608 1042 3654 est
1060 3607 1089 3654 et

73 3687 125 3720 ναι.
156 3669 231 3720 Conf.
258 3669 365 3724 Lachet.
388 3688 413 3738 p.
442 3675 500 3725 191,
525 3669 559 3722 li.
606 3671 717 3726 multum
734 3667 864 3722 celebrata
874 3669 980 3722 Prodici
997 3669 1088 3738 sophi-

73 3737 181 3790 Menon.
200 3755 226 3805 p.
239 3743 297 3791 244.
310 3739 343 3792 E.
377 3740 500 3792 Formula
516 3738 558 3788 ts·
607 3746 664 3791 stae
687 3738 721 3790 de
741 3738 858 3790 Hercule
881 3740 1008 3803 namatio,
1036 3755 1089 3805 qus

73 3825 128 3874 yos
138 3825 165 3856 τι
181 3812 207 3858 et
227 3808 343 3861 dicere
360 3804 492 3874 aliquid
508 3822 557 3858 no·
605 3809 628 3860 is
645 3807 745 3860 virtutis
762 3809 944 3873 praestantiam
960 3808 1089 3863 ihustrars

75 3876 127 3926 tior
145 3880 195 3940 est,
213 3891 290 3940 quem
309 3881 339 3928 ut
356 3876 481 3945 exemplis
498 3875 560 3928 illu-'
607 3883 636 3930 et
663 3875 800 3943 voluptatis
826 3879 985 3928 contemtum
1014 3892 1090 3928 com-

76 3941 183 3994 stranda
200 3943 242 3995 sit.
260 3962 284 4001 v.
303 3945 408 4012 Viget.
427 3963 453 4013 p.
473 3948 532 3995 731.
608 3944 730 3998 mendane
757 3942 862 3996 studuit.
897 3945 986 4010 ltaque
1009 3947 1089 3998 etium

111 4009 560 4078 ὑπέλαβον-διεξιέναιμῐ.
607 4014 776 4079 Protagoras,
793 4009 947 4066 sententiam
960 4029 1032 4066 suam
1054 4013 1089 4066 de

78 4093 102 4132 e.
119 4081 370 4146 respondentes
393 4081 558 4136 iubebant.
609 4081 716 4134 hominis
740 4081 772 4132 ad
794 4080 913 4133 virtutem
930 4081 1089 4135 institutione

113 4147 144 4202 C.
177 4154 293 4220 μῦθον
323 4151 403 4224 ὑμῖν
430 4153 561 4220 λέγειν]
610 4153 798 4216 declaraturus,
815 4147 902 4204 fabula
918 4153 1010 4220 utitur,
1029 4151 1089 4220 quia
