<?xml version="1.0" encoding="UTF-8"?>
<!DOCTYPE html PUBLIC "-//W3C//DTD XHTML 1.0 Transitional//EN"
    "http://www.w3.org/TR/xhtml1/DTD/xhtml1-transitional.dtd">
<html xmlns="http://www.w3.org/1999/xhtml" xml:lang="en" lang="en">
 <head>
  <title>
</title>
<meta http-equiv="Content-Type" content="text/html;charset=utf-8" />
  <meta name='ocr-system' content='tesseract 3.04.00' />
  <meta name='ocr-capabilities' content='ocr_page ocr_carea ocr_par ocr_line ocrx_word'/>
</head>
<body>
  <div class='ocr_page' id='page_1' title='image "./platonisprotago00stalgoog_0029.png"; bbox 0 0 2584 4736; ppageno 0'>
   <div class='ocr_carea' id='block_1_1' title="bbox 131 252 882 388">
    <p class='ocr_par' dir='ltr' id='par_1_1' title="bbox 131 252 882 388">
     <span class='ocr_line' id='line_1_1' title="bbox 131 252 882 388; baseline 0 -16"><span class='ocrx_word' id='word_1_1' title='bbox 131 252 162 306; x_wconf 62' lang='lat'><strong>‘⁷</strong></span> <span class='ocrx_word' id='word_1_2' title='bbox 211 309 259 388; x_wconf 82' lang='lat' dir='ltr'><strong>aa</strong></span> <span class='ocrx_word' id='word_1_3' title='bbox 571 305 882 378; x_wconf 82' lang='lat' dir='ltr'><strong>rasurarro·</strong></span> 
     </span>
    </p>
   </div>
   <div class='ocr_carea' id='block_1_2' title="bbox 88 466 1284 3300">
    <p class='ocr_par' dir='ltr' id='par_1_2' title="bbox 107 466 1284 1674">
     <span class='ocr_line' id='line_1_2' title="bbox 107 466 1235 562; baseline 0.002 -20"><span class='ocrx_word' id='word_1_4' title='bbox 107 517 110 524; x_wconf 79' lang='lat'><em>,</em></span> <span class='ocrx_word' id='word_1_5' title='bbox 215 479 297 556; x_wconf 78' lang='lat' dir='ltr'><strong>dein,</strong></span> <span class='ocrx_word' id='word_1_6' title='bbox 316 466 546 562; x_wconf 75' lang='lat' dir='ltr'><strong>ut,‘postquam</strong></span> <span class='ocrx_word' id='word_1_7' title='bbox 565 479 619 542; x_wconf 89' lang='lat' dir='ltr'><strong>ilie</strong></span> <span class='ocrx_word' id='word_1_8' title='bbox 638 479 930 562; x_wconf 77' lang='lat' dir='ltr'><strong>interrogandosibi</strong></span> <span class='ocrx_word' id='word_1_9' title='bbox 951 466 1155 558; x_wconf 76' lang='lat' dir='ltr'><strong>satisllacerit,</strong></span> <span class='ocrx_word' id='word_1_10' title='bbox 1177 483 1235 544; x_wconf 86' lang='lat' dir='ltr'><strong>ri-</strong></span> 
     </span>
     <span class='ocr_line' id='line_1_3' title="bbox 215 567 1237 648; baseline 0.003 -22"><span class='ocrx_word' id='word_1_11' title='bbox 215 569 318 628; x_wconf 85' lang='lat' dir='ltr'><strong>cissinr</strong></span> <span class='ocrx_word' id='word_1_12' title='bbox 347 568 430 628; x_wconf 90' lang='lat' dir='ltr'><strong>ilium</strong></span> <span class='ocrx_word' id='word_1_13' title='bbox 457 569 500 630; x_wconf 84' lang='lat' dir='ltr'><strong>sit</strong></span> <span class='ocrx_word' id='word_1_14' title='bbox 518 569 766 647; x_wconf 71' lang='lat' dir='ltr'><strong>interrogaturus.</strong></span> <span class='ocrx_word' id='word_1_15' title='bbox 810 567 975 646; x_wconf 88' lang='lat' dir='ltr'><strong>Postquam</strong></span> <span class='ocrx_word' id='word_1_16' title='bbox 994 569 1089 648; x_wconf 85' lang='lat' dir='ltr'><strong>igitur</strong></span> <span class='ocrx_word' id='word_1_17' title='bbox 1110 568 1149 629; x_wconf 91' lang='lat' dir='ltr'><strong>de</strong></span> <span class='ocrx_word' id='word_1_18' title='bbox 1173 569 1237 630; x_wconf 84' lang='lat' dir='ltr'><strong>his</strong></span> 
     </span>
     <span class='ocr_line' id='line_1_4' title="bbox 215 652 1236 734; baseline 0.004 -23"><span class='ocrx_word' id='word_1_19' title='bbox 215 653 296 734; x_wconf 76' lang='lat' dir='ltr'><strong>irater</strong></span> <span class='ocrx_word' id='word_1_20' title='bbox 314 671 369 714; x_wconf 90' lang='lat' dir='ltr'><strong>ecs</strong></span> <span class='ocrx_word' id='word_1_21' title='bbox 390 653 538 724; x_wconf 86' lang='lat' dir='ltr'><strong>convenit,</strong></span> <span class='ocrx_word' id='word_1_22' title='bbox 558 653 741 732; x_wconf 79' lang='lat' dir='ltr'><strong>Protagoras</strong></span> <span class='ocrx_word' id='word_1_23' title='bbox 761 669 897 732; x_wconf 86' lang='lat' dir='ltr'><strong>magnam</strong></span> <span class='ocrx_word' id='word_1_24' title='bbox 917 653 1099 714; x_wconf 77' lang='lat' dir='ltr'><strong>liberalioris</strong></span> <span class='ocrx_word' id='word_1_25' title='bbox 1119 652 1236 715; x_wconf 82' lang='lat' dir='ltr'><strong>erudi-</strong></span> 
     </span>
     <span class='ocr_line' id='line_1_5' title="bbox 215 739 1237 819; baseline 0.001 -21"><span class='ocrx_word' id='word_1_26' title='bbox 215 739 307 802; x_wconf 87' lang='lat' dir='ltr'><strong>tionis</strong></span> <span class='ocrx_word' id='word_1_27' title='bbox 328 745 445 817; x_wconf 88' lang='lat' dir='ltr'><strong>partem</strong></span> <span class='ocrx_word' id='word_1_28' title='bbox 472 739 601 819; x_wconf 86' lang='lat' dir='ltr'><strong>positam</strong></span> <span class='ocrx_word' id='word_1_29' title='bbox 629 756 699 798; x_wconf 90' lang='lat' dir='ltr'><strong>esse</strong></span> <span class='ocrx_word' id='word_1_30' title='bbox 726 743 832 800; x_wconf 86' lang='lat' dir='ltr'><strong>censet</strong></span> <span class='ocrx_word' id='word_1_31' title='bbox 859 739 891 798; x_wconf 90' lang='lat' dir='ltr'><strong>in</strong></span> <span class='ocrx_word' id='word_1_32' title='bbox 919 741 1099 816; x_wconf 73' lang='lat' dir='ltr'><strong>carminibus</strong></span> <span class='ocrx_word' id='word_1_33' title='bbox 1125 741 1237 800; x_wconf 87' lang='lat' dir='ltr'><strong>inter-</strong></span> 
     </span>
     <span class='ocr_line' id='line_1_6' title="bbox 215 821 1238 902; baseline 0.001 -17"><span class='ocrx_word' id='word_1_34' title='bbox 215 823 391 902; x_wconf 86' lang='lat' dir='ltr'><strong>pretandis,</strong></span> <span class='ocrx_word' id='word_1_35' title='bbox 416 823 546 902; x_wconf 87' lang='lat' dir='ltr'><strong>ideoque</strong></span> <span class='ocrx_word' id='word_1_36' title='bbox 574 824 613 884; x_wconf 90' lang='lat' dir='ltr'><strong>da</strong></span> <span class='ocrx_word' id='word_1_37' title='bbox 641 823 724 884; x_wconf 87' lang='lat' dir='ltr'><strong>dicto</strong></span> <span class='ocrx_word' id='word_1_38' title='bbox 750 823 806 886; x_wconf 90' lang='lat' dir='ltr'><strong>illo</strong></span> <span class='ocrx_word' id='word_1_39' title='bbox 831 821 1010 900; x_wconf 81' lang='lat' dir='ltr'><strong>Simonidis,</strong></span> <span class='ocrx_word' id='word_1_40' title='bbox 1030 823 1238 890; x_wconf 77' lang='lat' dir='ltr'><strong>¹difficile</strong></span> 
     </span>
     <span class='ocr_line' id='line_1_7' title="bbox 216 908 1235 990; baseline 0 -20"><span class='ocrx_word' id='word_1_41' title='bbox 216 927 305 970; x_wconf 87' lang='lat' dir='ltr'><strong>asse</strong></span> <span class='ocrx_word' id='word_1_42' title='bbox 324 911 443 970; x_wconf 83' lang='lat' dir='ltr'><strong>virum</strong></span> <span class='ocrx_word' id='word_1_43' title='bbox 464 910 600 969; x_wconf 90' lang='lat' dir='ltr'><strong>bonum</strong></span> <span class='ocrx_word' id='word_1_44' title='bbox 620 908 733 983; x_wconf 85' lang='lat' dir='ltr'><strong>lieri,</strong></span> <span class='ocrx_word' id='word_1_45' title='bbox 762 927 832 970; x_wconf 88' lang='lat' dir='ltr'><strong>sese</strong></span> <span class='ocrx_word' id='word_1_46' title='bbox 851 909 1007 989; x_wconf 87' lang='lat' dir='ltr'><strong>disputare</strong></span> <span class='ocrx_word' id='word_1_47' title='bbox 1025 909 1105 972; x_wconf 80' lang='lat' dir='ltr'><strong>ralia</strong></span> <span class='ocrx_word' id='word_1_48' title='bbox 1124 911 1235 990; x_wconf 87' lang='lat' dir='ltr'><strong>proii-</strong></span> 
     </span>
     <span class='ocr_line' id='line_1_8' title="bbox 215 992 1236 1075; baseline 0.002 -20"><span class='ocrx_word' id='word_1_49' title='bbox 215 1001 308 1056; x_wconf 82' lang='lat' dir='ltr'><strong>tetur.</strong></span> <span class='ocrx_word' id='word_1_50' title='bbox 350 994 457 1073; x_wconf 90' lang='lat' dir='ltr'><strong>itaqua</strong></span> <span class='ocrx_word' id='word_1_51' title='bbox 478 992 589 1054; x_wconf 90' lang='lat' dir='ltr'><strong>docere</strong></span> <span class='ocrx_word' id='word_1_52' title='bbox 610 1000 735 1056; x_wconf 88' lang='lat' dir='ltr'><strong>conatur</strong></span> <span class='ocrx_word' id='word_1_53' title='bbox 755 1001 876 1074; x_wconf 82' lang='lat' dir='ltr'><strong>poetam</strong></span> <span class='ocrx_word' id='word_1_54' title='bbox 897 997 1003 1075; x_wconf 88' lang='lat' dir='ltr'><strong>inepte</strong></span> <span class='ocrx_word' id='word_1_55' title='bbox 1023 995 1107 1074; x_wconf 92' lang='lat' dir='ltr'><strong>ioqui</strong></span> <span class='ocrx_word' id='word_1_56' title='bbox 1128 999 1160 1056; x_wconf 91' lang='lat' dir='ltr'><strong>et</strong></span> <span class='ocrx_word' id='word_1_57' title='bbox 1172 1011 1236 1057; x_wconf 87' lang='lat' dir='ltr'><strong>ac-</strong></span> 
     </span>
     <span class='ocr_line' id='line_1_9' title="bbox 215 1079 1235 1161; baseline 0.001 -19"><span class='ocrx_word' id='word_1_58' title='bbox 215 1099 286 1142; x_wconf 87' lang='lat' dir='ltr'><strong>cnm</strong></span> <span class='ocrx_word' id='word_1_59' title='bbox 315 1079 477 1161; x_wconf 81' lang='lat' dir='ltr'><strong>pugnantia</strong></span> <span class='ocrx_word' id='word_1_60' title='bbox 501 1080 613 1143; x_wconf 88' lang='lat' dir='ltr'><strong>dicere.</strong></span> <span class='ocrx_word' id='word_1_61' title='bbox 664 1079 787 1141; x_wconf 86' lang='lat' dir='ltr'><strong>Scilicet</strong></span> <span class='ocrx_word' id='word_1_62' title='bbox 817 1081 917 1160; x_wconf 87' lang='lat' dir='ltr'><strong>magni</strong></span> <span class='ocrx_word' id='word_1_63' title='bbox 938 1081 1082 1142; x_wconf 77' lang='lat' dir='ltr'><strong>aeruminis</strong></span> <span class='ocrx_word' id='word_1_64' title='bbox 1102 1081 1235 1143; x_wconf 88' lang='lat' dir='ltr'><strong>laudem</strong></span> 
     </span>
     <span class='ocr_line' id='line_1_10' title="bbox 214 1165 1284 1248; baseline 0.003 -23"><span class='ocrx_word' id='word_1_65' title='bbox 214 1172 382 1245; x_wconf 85' lang='lat' dir='ltr'><strong>aucupatur</strong></span> <span class='ocrx_word' id='word_1_66' title='bbox 401 1165 494 1226; x_wconf 87' lang='lat' dir='ltr'><strong>horno</strong></span> <span class='ocrx_word' id='word_1_67' title='bbox 513 1165 707 1241; x_wconf 78' lang='lat' dir='ltr'><strong>vanissimus,</strong></span> <span class='ocrx_word' id='word_1_68' title='bbox 733 1171 854 1244; x_wconf 88' lang='lat' dir='ltr'><strong>poetam</strong></span> <span class='ocrx_word' id='word_1_69' title='bbox 882 1165 1150 1228; x_wconf 88' lang='lat' dir='ltr'><strong>celebratissimum</strong></span> <span class='ocrx_word' id='word_1_70' title='bbox 1173 1185 1235 1248; x_wconf 71' lang='lat' dir='ltr'><strong>rja·-</strong></span> <span class='ocrx_word' id='word_1_71' title='bbox 1283 1199 1284 1202; x_wconf 19' lang='grc' dir='ltr'><strong>ι</strong></span> 
     </span>
     <span class='ocr_line' id='line_1_11' title="bbox 213 1248 1236 1332; baseline 0.002 -20"><span class='ocrx_word' id='word_1_72' title='bbox 213 1251 295 1312; x_wconf 85' lang='lat' dir='ltr'><strong>roris</strong></span> <span class='ocrx_word' id='word_1_73' title='bbox 316 1268 491 1332; x_wconf 87' lang='lat' dir='ltr'><strong>coarguens.</strong></span> <span class='ocrx_word' id='word_1_74' title='bbox 533 1248 596 1312; x_wconf 86' lang='lat' dir='ltr'><strong>Sed</strong></span> <span class='ocrx_word' id='word_1_75' title='bbox 616 1268 689 1310; x_wconf 85' lang='lat' dir='ltr'><strong>vana</strong></span> <span class='ocrx_word' id='word_1_76' title='bbox 708 1250 785 1311; x_wconf 89' lang='lat' dir='ltr'><strong>haec</strong></span> <span class='ocrx_word' id='word_1_77' title='bbox 807 1251 873 1312; x_wconf 89' lang='lat' dir='ltr'><strong>cius</strong></span> <span class='ocrx_word' id='word_1_78' title='bbox 888 1251 1035 1332; x_wconf 89' lang='lat' dir='ltr'><strong>superbia</strong></span> <span class='ocrx_word' id='word_1_79' title='bbox 1048 1253 1236 1332; x_wconf 82' lang='lat' dir='ltr'><strong>gravissime</strong></span> 
     </span>
     <span class='ocr_line' id='line_1_12' title="bbox 215 1333 1234 1422; baseline 0 -24"><span class='ocrx_word' id='word_1_80' title='bbox 215 1336 420 1416; x_wconf 84' lang='lat' dir='ltr'><strong>castigatura</strong></span> <span class='ocrx_word' id='word_1_81' title='bbox 440 1333 581 1412; x_wconf 84' lang='lat' dir='ltr'><strong>Socrate,</strong></span> <span class='ocrx_word' id='word_1_82' title='bbox 606 1336 658 1422; x_wconf 88' lang='lat' dir='ltr'><strong>qui</strong></span> <span class='ocrx_word' id='word_1_83' title='bbox 679 1336 789 1398; x_wconf 87' lang='lat' dir='ltr'><strong>deiude</strong></span> <span class='ocrx_word' id='word_1_84' title='bbox 810 1337 976 1418; x_wconf 75' lang='lat' dir='ltr'><strong>sophistam</strong></span> <span class='ocrx_word' id='word_1_85' title='bbox 998 1343 1032 1397; x_wconf 92' lang='lat' dir='ltr'><strong>et</strong></span> <span class='ocrx_word' id='word_1_86' title='bbox 1050 1339 1152 1416; x_wconf 86' lang='lat' dir='ltr'><strong>ipsum</strong></span> <span class='ocrx_word' id='word_1_87' title='bbox 1173 1357 1234 1398; x_wconf 88' lang='lat' dir='ltr'><strong>er-</strong></span> 
     </span>
     <span class='ocr_line' id='line_1_13' title="bbox 213 1419 1231 1502; baseline 0.003 -20"><span class='ocrx_word' id='word_1_88' title='bbox 213 1423 295 1482; x_wconf 84' lang='lat' dir='ltr'><strong>roris</strong></span> <span class='ocrx_word' id='word_1_89' title='bbox 317 1420 465 1502; x_wconf 78' lang='lat' dir='ltr'><strong>coarguit.</strong></span> <span class='ocrx_word' id='word_1_90' title='bbox 506 1419 567 1481; x_wconf 90' lang='lat' dir='ltr'><strong>Hic</strong></span> <span class='ocrx_word' id='word_1_91' title='bbox 587 1421 667 1481; x_wconf 87' lang='lat' dir='ltr'><strong>enirn</strong></span> <span class='ocrx_word' id='word_1_92' title='bbox 689 1426 847 1502; x_wconf 83' lang='lat' dir='ltr'><strong>postquam</strong></span> <span class='ocrx_word' id='word_1_93' title='bbox 868 1421 1035 1484; x_wconf 87' lang='lat' dir='ltr'><strong>admirabili</strong></span> <span class='ocrx_word' id='word_1_94' title='bbox 1062 1441 1131 1484; x_wconf 88' lang='lat' dir='ltr'><strong>cum</strong></span> <span class='ocrx_word' id='word_1_95' title='bbox 1152 1423 1231 1485; x_wconf 86' lang='lat' dir='ltr'><strong>irri-</strong></span> 
     </span>
     <span class='ocr_line' id='line_1_14' title="bbox 214 1504 1231 1588; baseline 0.001 -20"><span class='ocrx_word' id='word_1_96' title='bbox 214 1508 304 1571; x_wconf 82' lang='lat' dir='ltr'><strong>sione</strong></span> <span class='ocrx_word' id='word_1_97' title='bbox 328 1504 583 1568; x_wconf 84' lang='lat' dir='ltr'><strong>Lacedacmcuies</strong></span> <span class='ocrx_word' id='word_1_98' title='bbox 613 1511 647 1568; x_wconf 88' lang='lat' dir='ltr'><strong>et</strong></span> <span class='ocrx_word' id='word_1_99' title='bbox 673 1506 838 1568; x_wconf 81' lang='lat' dir='ltr'><strong>cretenses</strong></span> <span class='ocrx_word' id='word_1_100' title='bbox 858 1506 988 1568; x_wconf 84' lang='lat' dir='ltr'><strong>laudarit</strong></span> <span class='ocrx_word' id='word_1_101' title='bbox 1007 1513 1149 1588; x_wconf 90' lang='lat' dir='ltr'><strong>tanquam</strong></span> <span class='ocrx_word' id='word_1_102' title='bbox 1171 1527 1231 1570; x_wconf 87' lang='lat' dir='ltr'><strong>ro-</strong></span> 
     </span>
     <span class='ocr_line' id='line_1_15' title="bbox 214 1592 1233 1674; baseline 0 -20"><span class='ocrx_word' id='word_1_103' title='bbox 214 1592 334 1674; x_wconf 85' lang='lat' dir='ltr'><strong>phistas</strong></span> <span class='ocrx_word' id='word_1_104' title='bbox 353 1592 576 1674; x_wconf 79' lang='lat' dir='ltr'><strong>autiqpiraimos</strong></span> <span class='ocrx_word' id='word_1_105' title='bbox 597 1596 632 1652; x_wconf 91' lang='lat' dir='ltr'><strong>et</strong></span> <span class='ocrx_word' id='word_1_106' title='bbox 651 1593 785 1654; x_wconf 84' lang='lat' dir='ltr'><strong>breviter</strong></span> <span class='ocrx_word' id='word_1_107' title='bbox 804 1599 953 1672; x_wconf 88' lang='lat' dir='ltr'><strong>acuteque</strong></span> <span class='ocrx_word' id='word_1_108' title='bbox 974 1594 1063 1656; x_wconf 88' lang='lat' dir='ltr'><strong>dictis</strong></span> <span class='ocrx_word' id='word_1_109' title='bbox 1091 1593 1233 1656; x_wconf 88' lang='lat' dir='ltr'><strong>clarissi-</strong></span> 
     </span>
    </p>

    <p class='ocr_par' dir='ltr' id='par_1_3' title="bbox 88 1673 1284 2274">
     <span class='ocr_line' id='line_1_16' title="bbox 88 1673 1231 1758; baseline -0.001 -16"><span class='ocrx_word' id='word_1_110' title='bbox 88 1675 90 1682; x_wconf 74' lang='grc'><strong>’</strong></span> <span class='ocrx_word' id='word_1_111' title='bbox 213 1695 300 1752; x_wconf 80' lang='lat' dir='ltr'><strong>mos,</strong></span> <span class='ocrx_word' id='word_1_112' title='bbox 321 1677 402 1752; x_wconf 84' lang='lat' dir='ltr'><strong>idem</strong></span> <span class='ocrx_word' id='word_1_113' title='bbox 420 1673 495 1739; x_wconf 91' lang='lat' dir='ltr'><strong>illud</strong></span> <span class='ocrx_word' id='word_1_114' title='bbox 516 1695 634 1738; x_wconf 88' lang='lat' dir='ltr'><strong>carmen</strong></span> <span class='ocrx_word' id='word_1_115' title='bbox 655 1677 860 1740; x_wconf 83' lang='lat' dir='ltr'><strong>Shnonidebm</strong></span> <span class='ocrx_word' id='word_1_116' title='bbox 879 1679 922 1738; x_wconf 92' lang='lat' dir='ltr'><strong>ita</strong></span> <span class='ocrx_word' id='word_1_117' title='bbox 941 1679 1168 1758; x_wconf 84' lang='lat' dir='ltr'><strong>interpretatur,</strong></span> <span class='ocrx_word' id='word_1_118' title='bbox 1188 1686 1231 1741; x_wconf 86' lang='lat' dir='ltr'><strong>ut</strong></span> 
     </span>
     <span class='ocr_line' id='line_1_17' title="bbox 214 1761 1231 1845; baseline 0.002 -21"><span class='ocrx_word' id='word_1_119' title='bbox 214 1761 404 1843; x_wconf 81' lang='lat' dir='ltr'><strong>Protagorae</strong></span> <span class='ocrx_word' id='word_1_120' title='bbox 424 1763 603 1826; x_wconf 87' lang='lat' dir='ltr'><strong>sententiam</strong></span> <span class='ocrx_word' id='word_1_121' title='bbox 625 1781 683 1842; x_wconf 92' lang='lat' dir='ltr'><strong>per</strong></span> <span class='ocrx_word' id='word_1_122' title='bbox 703 1765 803 1826; x_wconf 89' lang='lat' dir='ltr'><strong>omnia</strong></span> <span class='ocrx_word' id='word_1_123' title='bbox 822 1763 958 1838; x_wconf 79' lang='lat' dir='ltr'><strong>refellat,</strong></span> <span class='ocrx_word' id='word_1_124' title='bbox 978 1771 1069 1844; x_wconf 89' lang='lat' dir='ltr'><strong>atque</strong></span> <span class='ocrx_word' id='word_1_125' title='bbox 1089 1771 1231 1845; x_wconf 83' lang='lat' dir='ltr'><strong>poetam,</strong></span> 
     </span>
     <span class='ocr_line' id='line_1_18' title="bbox 208 1847 1284 1928; baseline -0.002 -14"><span class='ocrx_word' id='word_1_126' title='bbox 208 1847 328 1914; x_wconf 78' lang='lat' dir='ltr'><strong>Pittaci</strong></span> <span class='ocrx_word' id='word_1_127' title='bbox 348 1848 461 1910; x_wconf 86' lang='lat' dir='ltr'><strong>dictum</strong></span> <span class='ocrx_word' id='word_1_128' title='bbox 481 1848 603 1926; x_wconf 87' lang='lat' dir='ltr'><strong>aliquod</strong></span> <span class='ocrx_word' id='word_1_129' title='bbox 619 1849 911 1928; x_wconf 77' lang='lat' dir='ltr'><strong>reprehendentem,</strong></span> <span class='ocrx_word' id='word_1_130' title='bbox 931 1849 1008 1910; x_wconf 87' lang='lat' dir='ltr'><strong>haec</strong></span> <span class='ocrx_word' id='word_1_131' title='bbox 1028 1849 1097 1911; x_wconf 86' lang='lat' dir='ltr'><strong>fera</strong></span> <span class='ocrx_word' id='word_1_132' title='bbox 1118 1851 1230 1912; x_wconf 89' lang='lat' dir='ltr'><strong>dicere</strong></span> <span class='ocrx_word' id='word_1_133' title='bbox 1283 1923 1284 1928; x_wconf 8' lang='grc' dir='ltr'>γ</span> 
     </span>
     <span class='ocr_line' id='line_1_19' title="bbox 208 1932 1229 2010; baseline 0.004 -16"><span class='ocrx_word' id='word_1_134' title='bbox 208 1934 426 1998; x_wconf 77' lang='lat' dir='ltr'><strong>demonstrata</strong></span> <span class='ocrx_word' id='word_1_135' title='bbox 465 1932 625 2009; x_wconf 81' lang='lat' dir='ltr'><strong>„Difficile</strong></span> <span class='ocrx_word' id='word_1_136' title='bbox 646 1953 716 1996; x_wconf 88' lang='lat' dir='ltr'><strong>esse</strong></span> <span class='ocrx_word' id='word_1_137' title='bbox 736 1935 830 1996; x_wconf 86' lang='lat' dir='ltr'><strong>vinuu</strong></span> <span class='ocrx_word' id='word_1_138' title='bbox 850 1935 971 1999; x_wconf 84' lang='lat' dir='ltr'><strong>basum·</strong></span> <span class='ocrx_word' id='word_1_139' title='bbox 984 1934 1086 2010; x_wconf 85' lang='lat' dir='ltr'><strong>fieri,</strong></span> <span class='ocrx_word' id='word_1_140' title='bbox 1105 1954 1140 1996; x_wconf 87' lang='lat' dir='ltr'><strong>aa</strong></span> <span class='ocrx_word' id='word_1_141' title='bbox 1155 1935 1229 1998; x_wconf 84' lang='lat' dir='ltr'><strong>falli</strong></span> 
     </span>
     <span class='ocr_line' id='line_1_20' title="bbox 203 2017 1228 2100; baseline 0.004 -20"><span class='ocrx_word' id='word_1_142' title='bbox 203 2017 370 2097; x_wconf 60' lang='lat' dir='ltr'><strong>Rhenanam,</strong></span> <span class='ocrx_word' id='word_1_143' title='bbox 386 2019 438 2099; x_wconf 91' lang='lat' dir='ltr'><strong>qui</strong></span> <span class='ocrx_word' id='word_1_144' title='bbox 450 2021 546 2080; x_wconf 85' lang='lat' dir='ltr'><strong>virum</strong></span> <span class='ocrx_word' id='word_1_145' title='bbox 559 2021 669 2082; x_wconf 90' lang='lat' dir='ltr'><strong>bonum</strong></span> <span class='ocrx_word' id='word_1_146' title='bbox 683 2037 772 2082; x_wconf 84' lang='lat' dir='ltr'><strong>essa</strong></span> <span class='ocrx_word' id='word_1_147' title='bbox 785 2019 833 2080; x_wconf 86' lang='lat' dir='ltr'><strong>vel</strong></span> <span class='ocrx_word' id='word_1_148' title='bbox 846 2039 874 2080; x_wconf 90' lang='lat' dir='ltr'><strong>m</strong></span> <span class='ocrx_word' id='word_1_149' title='bbox 883 2039 999 2081; x_wconf 87' lang='lat' dir='ltr'><strong>auare</strong></span> <span class='ocrx_word' id='word_1_150' title='bbox 1011 2019 1228 2100; x_wconf 30' lang='lat' dir='ltr'><strong>difficile-esse</strong></span> 
     </span>
     <span class='ocr_line' id='line_1_21' title="bbox 204 2105 1227 2180; baseline 0.002 -12"><span class='ocrx_word' id='word_1_151' title='bbox 204 2107 335 2168; x_wconf 78' lang='lat' dir='ltr'><strong>diacrita</strong></span> <span class='ocrx_word' id='word_1_152' title='bbox 355 2106 416 2168; x_wconf 90' lang='lat' dir='ltr'><strong>hoc</strong></span> <span class='ocrx_word' id='word_1_153' title='bbox 437 2106 516 2166; x_wconf 85' lang='lat' dir='ltr'><strong>enirn</strong></span> <span class='ocrx_word' id='word_1_154' title='bbox 536 2105 567 2168; x_wconf 90' lang='lat' dir='ltr'><strong>in</strong></span> <span class='ocrx_word' id='word_1_155' title='bbox 581 2107 664 2168; x_wconf 87' lang='lat' dir='ltr'><strong>solos</strong></span> <span class='ocrx_word' id='word_1_156' title='bbox 682 2106 758 2167; x_wconf 88' lang='lat' dir='ltr'><strong>deos</strong></span> <span class='ocrx_word' id='word_1_157' title='bbox 775 2105 902 2180; x_wconf 85' lang='lat' dir='ltr'><strong>cadere;</strong></span> <span class='ocrx_word' id='word_1_158' title='bbox 922 2105 1069 2168; x_wconf 89' lang='lat' dir='ltr'><strong>humanae</strong></span> <span class='ocrx_word' id='word_1_159' title='bbox 1084 2106 1227 2170; x_wconf 84' lang='lat' dir='ltr'><strong>imbecil-</strong></span> 
     </span>
     <span class='ocr_line' id='line_1_22' title="bbox 204 2185 1108 2274; baseline -0.003 -18"><span class='ocrx_word' id='word_1_160' title='bbox 204 2189 286 2256; x_wconf 82' lang='lat' dir='ltr'><strong>litati</strong></span> <span class='ocrx_word' id='word_1_161' title='bbox 305 2211 376 2254; x_wconf 90' lang='lat' dir='ltr'><strong>asse</strong></span> <span class='ocrx_word' id='word_1_162' title='bbox 396 2197 537 2270; x_wconf 88' lang='lat' dir='ltr'><strong>negatum</strong></span> <span class='ocrx_word' id='word_1_163' title='bbox 552 2185 616 2274; x_wconf 72' lang='grc'><strong>*).“</strong></span> <span class='ocrx_word' id='word_1_164' title='bbox 657 2189 685 2253; x_wconf 82' lang='grc' dir='ltr'>Ρ</span> <span class='ocrx_word' id='word_1_165' title='bbox 718 2191 914 2252; x_wconf 54' lang='grc'><strong>11310-</strong></span> <span class='ocrx_word' id='word_1_166' title='bbox 935 2190 1009 2256; x_wconf 69' lang='lat'><strong>847.</strong></span> <span class='ocrx_word' id='word_1_167' title='bbox 1029 2191 1068 2253; x_wconf 89' lang='grc' dir='ltr'><strong>Λ.</strong></span> <span class='ocrx_word' id='word_1_168' title='bbox 1105 2215 1108 2223; x_wconf 63' lang='grc'>’</span> 
     </span>
    </p>

    <p class='ocr_par' dir='ltr' id='par_1_4' title="bbox 159 2273 1284 2356">
     <span class='ocr_line' id='line_1_23' title="bbox 159 2273 1284 2356; baseline 0.001 -18"><span class='ocrx_word' id='word_1_169' title='bbox 159 2273 162 2296; x_wconf 73' lang='grc'><strong>“</strong></span> <span class='ocrx_word' id='word_1_170' title='bbox 289 2277 392 2356; x_wconf 81' lang='lat' dir='ltr'><strong>Atque</strong></span> <span class='ocrx_word' id='word_1_171' title='bbox 412 2276 490 2337; x_wconf 90' lang='lat' dir='ltr'><strong>hanc</strong></span> <span class='ocrx_word' id='word_1_172' title='bbox 503 2274 685 2338; x_wconf 74' lang='lat' dir='ltr'><strong>Socraticam</strong></span> <span class='ocrx_word' id='word_1_173' title='bbox 707 2276 845 2338; x_wconf 85' lang='lat' dir='ltr'><strong>carminis</strong></span> <span class='ocrx_word' id='word_1_174' title='bbox 861 2275 1146 2355; x_wconf 84' lang='lat' dir='ltr'><strong>interpretationem</strong></span> <span class='ocrx_word' id='word_1_175' title='bbox 1161 2278 1224 2339; x_wconf 88' lang='lat' dir='ltr'><strong>mi·</strong></span> <span class='ocrx_word' id='word_1_176' title='bbox 1283 2275 1284 2354; x_wconf 71' lang='lat' dir='ltr'><strong>i</strong></span> 
     </span>
    </p>

    <p class='ocr_par' dir='ltr' id='par_1_5' title="bbox 202 2357 1284 2443">
     <span class='ocr_line' id='line_1_24' title="bbox 202 2357 1284 2443; baseline 0.002 -19"><span class='ocrx_word' id='word_1_177' title='bbox 202 2361 294 2424; x_wconf 88' lang='lat' dir='ltr'><strong>ritice</strong></span> <span class='ocrx_word' id='word_1_178' title='bbox 320 2361 431 2442; x_wconf 90' lang='lat' dir='ltr'><strong>probat</strong></span> <span class='ocrx_word' id='word_1_179' title='bbox 456 2360 586 2441; x_wconf 86' lang='lat' dir='ltr'><strong>Hippias</strong></span> <span class='ocrx_word' id='word_1_180' title='bbox 619 2361 764 2443; x_wconf 87' lang='lat' dir='ltr'><strong>sophista.</strong></span> <span class='ocrx_word' id='word_1_181' title='bbox 812 2360 872 2437; x_wconf 80' lang='lat' dir='ltr'><strong>Qui</strong></span> <span class='ocrx_word' id='word_1_182' title='bbox 905 2367 1024 2437; x_wconf 89' lang='lat' dir='ltr'><strong>tamen,</strong></span> <span class='ocrx_word' id='word_1_183' title='bbox 1045 2369 1080 2425; x_wconf 90' lang='lat' dir='ltr'><strong>ut</strong></span> <span class='ocrx_word' id='word_1_184' title='bbox 1101 2363 1224 2426; x_wconf 87' lang='lat' dir='ltr'><strong>scilicet</strong></span> <span class='ocrx_word' id='word_1_185' title='bbox 1283 2357 1284 2378; x_wconf 67' lang='lat'><em>²</em></span> 
     </span>
    </p>

    <p class='ocr_par' dir='ltr' id='par_1_6' title="bbox 175 2421 1284 2867">
     <span class='ocr_line' id='line_1_25' title="bbox 175 2421 1284 2529; baseline 0 -19"><span class='ocrx_word' id='word_1_186' title='bbox 175 2443 177 2460; x_wconf 58' lang='lat'>¹</span> <span class='ocrx_word' id='word_1_187' title='bbox 203 2463 286 2510; x_wconf 86' lang='lat' dir='ltr'><strong>uuae</strong></span> <span class='ocrx_word' id='word_1_188' title='bbox 302 2463 422 2526; x_wconf 85' lang='lat' dir='ltr'><strong>quoque</strong></span> <span class='ocrx_word' id='word_1_189' title='bbox 442 2447 608 2525; x_wconf 86' lang='lat' dir='ltr'><strong>sapientiae</strong></span> <span class='ocrx_word' id='word_1_190' title='bbox 630 2449 783 2529; x_wconf 78' lang='lat' dir='ltr'><strong>specimen</strong></span> <span class='ocrx_word' id='word_1_191' title='bbox 800 2446 923 2526; x_wconf 81' lang='lat' dir='ltr'><strong>aliquod</strong></span> <span class='ocrx_word' id='word_1_192' title='bbox 936 2447 1088 2523; x_wconf 80' lang='lat' dir='ltr'><strong>exhibeat,</strong></span> <span class='ocrx_word' id='word_1_193' title='bbox 1109 2449 1149 2510; x_wconf 90' lang='lat' dir='ltr'><strong>de</strong></span> <span class='ocrx_word' id='word_1_194' title='bbox 1164 2466 1223 2510; x_wconf 88' lang='lat' dir='ltr'><strong>eo·</strong></span> <span class='ocrx_word' id='word_1_195' title='bbox 1281 2421 1284 2486; x_wconf 49' lang='lat' dir='ltr'><strong>l</strong></span> 
     </span>
     <span class='ocr_line' id='line_1_26' title="bbox 203 2531 1224 2596; baseline 0.002 -2"><span class='ocrx_word' id='word_1_196' title='bbox 203 2533 276 2594; x_wconf 88' lang='lat' dir='ltr'><strong>dem</strong></span> <span class='ocrx_word' id='word_1_197' title='bbox 297 2535 430 2594; x_wconf 83' lang='lat' dir='ltr'><strong>carmine</strong></span> <span class='ocrx_word' id='word_1_198' title='bbox 450 2532 615 2594; x_wconf 90' lang='lat' dir='ltr'><strong>orationem</strong></span> <span class='ocrx_word' id='word_1_199' title='bbox 637 2533 751 2594; x_wconf 89' lang='lat' dir='ltr'><strong>habere</strong></span> <span class='ocrx_word' id='word_1_200' title='bbox 770 2531 912 2594; x_wconf 73' lang='lat' dir='ltr'><strong>institutit.</strong></span> <span class='ocrx_word' id='word_1_201' title='bbox 954 2531 1016 2593; x_wconf 70' lang='lat' dir='ltr'><strong>led</strong></span> <span class='ocrx_word' id='word_1_202' title='bbox 1031 2534 1110 2594; x_wconf 90' lang='lat' dir='ltr'><strong>enim</strong></span> <span class='ocrx_word' id='word_1_203' title='bbox 1124 2534 1224 2596; x_wconf 88' lang='lat' dir='ltr'><strong>homo</strong></span> 
     </span>
     <span class='ocr_line' id='line_1_27' title="bbox 205 2616 1223 2690; baseline 0 -10"><span class='ocrx_word' id='word_1_204' title='bbox 205 2618 368 2680; x_wconf 89' lang='lat' dir='ltr'><strong>admodum</strong></span> <span class='ocrx_word' id='word_1_205' title='bbox 394 2617 570 2680; x_wconf 88' lang='lat' dir='ltr'><strong>ambitiosus</strong></span> <span class='ocrx_word' id='word_1_206' title='bbox 597 2618 638 2680; x_wconf 90' lang='lat' dir='ltr'><strong>ab</strong></span> <span class='ocrx_word' id='word_1_207' title='bbox 656 2616 826 2690; x_wconf 86' lang='lat' dir='ltr'><strong>Alcibiade,</strong></span> <span class='ocrx_word' id='word_1_208' title='bbox 851 2634 1023 2680; x_wconf 84' lang='lat' dir='ltr'><strong>sermonum</strong></span> <span class='ocrx_word' id='word_1_209' title='bbox 1044 2617 1223 2680; x_wconf 84' lang='lat' dir='ltr'><strong>Socraticu-</strong></span> 
     </span>
     <span class='ocr_line' id='line_1_28' title="bbox 208 2701 1222 2784; baseline 0 -18"><span class='ocrx_word' id='word_1_210' title='bbox 208 2722 280 2766; x_wconf 82' lang='lat' dir='ltr'><strong>rum</strong></span> <span class='ocrx_word' id='word_1_211' title='bbox 302 2721 418 2766; x_wconf 87' lang='lat' dir='ltr'><strong>summo</strong></span> <span class='ocrx_word' id='word_1_212' title='bbox 439 2709 583 2776; x_wconf 87' lang='lat' dir='ltr'><strong>amatore,</strong></span> <span class='ocrx_word' id='word_1_213' title='bbox 606 2708 777 2784; x_wconf 90' lang='lat' dir='ltr'><strong>opportune</strong></span> <span class='ocrx_word' id='word_1_214' title='bbox 788 2701 977 2779; x_wconf 86' lang='lat' dir='ltr'><strong>admonetur,</strong></span> <span class='ocrx_word' id='word_1_215' title='bbox 998 2722 1036 2764; x_wconf 88' lang='lat' dir='ltr'><strong>ne</strong></span> <span class='ocrx_word' id='word_1_216' title='bbox 1057 2705 1090 2766; x_wconf 93' lang='lat' dir='ltr'><strong>id</strong></span> <span class='ocrx_word' id='word_1_217' title='bbox 1106 2703 1222 2766; x_wconf 77' lang='lat' dir='ltr'><strong>saciata</strong></span> 
     </span>
     <span class='ocr_line' id='line_1_29' title="bbox 208 2787 1222 2867; baseline 0 -16"><span class='ocrx_word' id='word_1_218' title='bbox 208 2789 394 2867; x_wconf 90' lang='lat' dir='ltr'><strong>colloquium</strong></span> <span class='ocrx_word' id='word_1_219' title='bbox 415 2790 505 2864; x_wconf 92' lang='lat' dir='ltr'><strong>euim,</strong></span> <span class='ocrx_word' id='word_1_220' title='bbox 526 2809 544 2849; x_wconf 93' lang='lat' dir='ltr'><strong>a</strong></span> <span class='ocrx_word' id='word_1_221' title='bbox 564 2787 691 2849; x_wconf 88' lang='lat' dir='ltr'><strong>Socrate</strong></span> <span class='ocrx_word' id='word_1_222' title='bbox 712 2793 745 2848; x_wconf 91' lang='lat' dir='ltr'><strong>et</strong></span> <span class='ocrx_word' id='word_1_223' title='bbox 765 2787 933 2867; x_wconf 83' lang='lat' dir='ltr'><strong>Protagora</strong></span> <span class='ocrx_word' id='word_1_224' title='bbox 943 2789 1125 2865; x_wconf 87' lang='lat' dir='ltr'><strong>institutum,</strong></span> <span class='ocrx_word' id='word_1_225' title='bbox 1147 2809 1222 2859; x_wconf 88' lang='lat' dir='ltr'><strong>asse</strong></span> 
     </span>
    </p>

    <p class='ocr_par' dir='ltr' id='par_1_7' title="bbox 207 2871 1284 2956">
     <span class='ocr_line' id='line_1_30' title="bbox 207 2871 1284 2956; baseline 0.004 -22"><span class='ocrx_word' id='word_1_226' title='bbox 207 2875 431 2956; x_wconf 85' lang='lat' dir='ltr'><strong>profligandum</strong></span> <span class='ocrx_word' id='word_1_227' title='bbox 451 2873 547 2950; x_wconf 71' lang='lat' dir='ltr'><strong>etlad</strong></span> <span class='ocrx_word' id='word_1_228' title='bbox 569 2875 679 2935; x_wconf 86' lang='lat' dir='ltr'><strong>exitum</strong></span> <span class='ocrx_word' id='word_1_229' title='bbox 700 2871 934 2953; x_wconf 86' lang='lat' dir='ltr'><strong>perducendum.</strong></span> <span class='ocrx_word' id='word_1_230' title='bbox 975 2874 1124 2937; x_wconf 87' lang='lat' dir='ltr'><strong>Nimirum</strong></span> <span class='ocrx_word' id='word_1_231' title='bbox 1144 2892 1220 2938; x_wconf 88' lang='lat' dir='ltr'><strong>con·</strong></span> <span class='ocrx_word' id='word_1_232' title='bbox 1283 2878 1284 2950; x_wconf 76' lang='lat' dir='ltr'><strong>l</strong></span> 
     </span>
    </p>

    <p class='ocr_par' dir='ltr' id='par_1_8' title="bbox 149 2957 1284 3048">
     <span class='ocr_line' id='line_1_31' title="bbox 149 2957 1284 3048; baseline -0.002 -26"><span class='ocrx_word' id='word_1_233' title='bbox 149 2965 151 2970; x_wconf 87' lang='lat'>&#39;</span> <span class='ocrx_word' id='word_1_234' title='bbox 208 2961 353 3022; x_wconf 89' lang='lat' dir='ltr'><strong>stitutum</strong></span> <span class='ocrx_word' id='word_1_235' title='bbox 374 2965 442 3021; x_wconf 87' lang='lat' dir='ltr'><strong>crat</strong></span> <span class='ocrx_word' id='word_1_236' title='bbox 462 2965 567 3033; x_wconf 90' lang='lat' dir='ltr'><strong>antea,</strong></span> <span class='ocrx_word' id='word_1_237' title='bbox 588 2964 633 3036; x_wconf 85' lang='lat' dir='ltr'><strong>ut,</strong></span> <span class='ocrx_word' id='word_1_238' title='bbox 654 2965 813 3043; x_wconf 85' lang='lat' dir='ltr'><strong>postquam</strong></span> <span class='ocrx_word' id='word_1_239' title='bbox 834 2957 1018 3039; x_wconf 83' lang='lat' dir='ltr'><strong>Protagoras</strong></span> <span class='ocrx_word' id='word_1_240' title='bbox 1041 2960 1099 3021; x_wconf 89' lang='lat' dir='ltr'><strong>sibi</strong></span> <span class='ocrx_word' id='word_1_241' title='bbox 1120 2961 1220 3022; x_wconf 87' lang='lat' dir='ltr'><strong>inter·</strong></span> <span class='ocrx_word' id='word_1_242' title='bbox 1283 2979 1284 3048; x_wconf 71' lang='lat' dir='ltr'><strong>j</strong></span> 
     </span>
    </p>

    <p class='ocr_par' dir='ltr' id='par_1_9' title="bbox 208 3043 1284 3126">
     <span class='ocr_line' id='line_1_32' title="bbox 208 3043 1284 3126; baseline 0 -20"><span class='ocrx_word' id='word_1_243' title='bbox 208 3044 345 3124; x_wconf 84' lang='lat' dir='ltr'><strong>rogando</strong></span> <span class='ocrx_word' id='word_1_244' title='bbox 367 3044 584 3116; x_wconf 80' lang='lat' dir='ltr'><strong>satisfecisset,</strong></span> <span class='ocrx_word' id='word_1_245' title='bbox 605 3043 749 3106; x_wconf 84' lang='lat' dir='ltr'><strong>Socrates</strong></span> <span class='ocrx_word' id='word_1_246' title='bbox 769 3045 900 3105; x_wconf 83' lang='lat' dir='ltr'><strong>vicissim</strong></span> <span class='ocrx_word' id='word_1_247' title='bbox 921 3047 1135 3124; x_wconf 87' lang='lat' dir='ltr'><strong>interrogantis</strong></span> <span class='ocrx_word' id='word_1_248' title='bbox 1146 3064 1219 3126; x_wconf 87' lang='lat' dir='ltr'><strong>par-</strong></span> <span class='ocrx_word' id='word_1_249' title='bbox 1283 3051 1284 3054; x_wconf 75' lang='grc'>’</span> 
     </span>
    </p>

    <p class='ocr_par' dir='ltr' id='par_1_10' title="bbox 208 3128 1284 3211">
     <span class='ocr_line' id='line_1_33' title="bbox 208 3128 1284 3211; baseline 0.006 -21"><span class='ocrx_word' id='word_1_250' title='bbox 208 3136 260 3192; x_wconf 87' lang='lat' dir='ltr'><strong>tes</strong></span> <span class='ocrx_word' id='word_1_251' title='bbox 289 3131 475 3211; x_wconf 88' lang='lat' dir='ltr'><strong>susciperet,</strong></span> <span class='ocrx_word' id='word_1_252' title='bbox 503 3129 639 3208; x_wconf 86' lang='lat' dir='ltr'><strong>sophista</strong></span> <span class='ocrx_word' id='word_1_253' title='bbox 662 3128 736 3191; x_wconf 90' lang='lat' dir='ltr'><strong>huic</strong></span> <span class='ocrx_word' id='word_1_254' title='bbox 757 3131 970 3209; x_wconf 86' lang='lat' dir='ltr'><strong>responderet.</strong></span> <span class='ocrx_word' id='word_1_255' title='bbox 1011 3130 1053 3190; x_wconf 76' lang='lat' dir='ltr'><strong>ut</strong></span> <span class='ocrx_word' id='word_1_256' title='bbox 1074 3130 1218 3192; x_wconf 87' lang='lat' dir='ltr'><strong>Socrates</strong></span> <span class='ocrx_word' id='word_1_257' title='bbox 1283 3189 1284 3196; x_wconf 71' lang='grc'>,</span> 
     </span>
    </p>

    <p class='ocr_par' dir='ltr' id='par_1_11' title="bbox 209 3203 1284 3300">
     <span class='ocr_line' id='line_1_34' title="bbox 209 3203 1284 3300; baseline 0.004 -26"><span class='ocrx_word' id='word_1_258' title='bbox 209 3215 331 3300; x_wconf 88' lang='lat' dir='ltr'><strong>quidem</strong></span> <span class='ocrx_word' id='word_1_259' title='bbox 357 3235 391 3280; x_wconf 90' lang='lat' dir='ltr'><strong>ae</strong></span> <span class='ocrx_word' id='word_1_260' title='bbox 419 3221 557 3298; x_wconf 86' lang='lat' dir='ltr'><strong>paratum</strong></span> <span class='ocrx_word' id='word_1_261' title='bbox 584 3213 718 3280; x_wconf 85' lang='lat' dir='ltr'><strong>ostendit</strong></span> <span class='ocrx_word' id='word_1_262' title='bbox 745 3215 784 3282; x_wconf 87' lang='lat' dir='ltr'><strong>ad</strong></span> <span class='ocrx_word' id='word_1_263' title='bbox 805 3233 974 3282; x_wconf 75' lang='lat' dir='ltr'><strong>ammonem</strong></span> <span class='ocrx_word' id='word_1_264' title='bbox 1001 3217 1218 3298; x_wconf 87' lang='lat' dir='ltr'><strong>paragendum,</strong></span> <span class='ocrx_word' id='word_1_265' title='bbox 1283 3203 1284 3278; x_wconf 60' lang='grc' dir='ltr'>Ϊ</span> 
     </span>
    </p>
   </div>
   <div class='ocr_carea' id='block_1_3' title="bbox 213 3347 410 3368">
    <p class='ocr_par' dir='ltr' id='par_1_12' title="bbox 213 3347 410 3368">
     <span class='ocr_line' id='line_1_35' title="bbox 213 3347 410 3368; baseline 0 -6"><span class='ocrx_word' id='word_1_266' title='bbox 213 3347 410 3368; x_wconf 58' lang='grc' dir='ltr'><strong>...ιιι-ινα...-</strong></span> 
     </span>
    </p>
   </div>
   <div class='ocr_carea' id='block_1_4' title="bbox 132 3416 1284 4238">
    <p class='ocr_par' dir='ltr' id='par_1_13' title="bbox 132 3416 1284 3894">
     <span class='ocr_line' id='line_1_36' title="bbox 143 3416 1214 3488; baseline -0.001 -18"><span class='ocrx_word' id='word_1_267' title='bbox 143 3447 145 3454; x_wconf 83' lang='grc'><em>·</em></span> <span class='ocrx_word' id='word_1_268' title='bbox 242 3417 372 3486; x_wconf 77' lang='lat' dir='ltr'><strong>’)Vere,</strong></span> <span class='ocrx_word' id='word_1_269' title='bbox 390 3419 496 3486; x_wconf 91' lang='lat' dir='ltr'><strong>opinor,</strong></span> <span class='ocrx_word' id='word_1_270' title='bbox 521 3417 846 3472; x_wconf 85' lang='lat' dir='ltr'><strong>Schieiarmacherus</strong></span> <span class='ocrx_word' id='word_1_271' title='bbox 867 3417 953 3470; x_wconf 85' lang='lat' dir='ltr'><strong>Praei.</strong></span> <span class='ocrx_word' id='word_1_272' title='bbox 974 3416 1008 3469; x_wconf 89' lang='lat' dir='ltr'><strong>ad</strong></span> <span class='ocrx_word' id='word_1_273' title='bbox 1029 3417 1166 3485; x_wconf 82' lang='lat' dir='ltr'><strong>Protagor.</strong></span> <span class='ocrx_word' id='word_1_274' title='bbox 1188 3433 1214 3488; x_wconf 92' lang='lat' dir='ltr'><strong>p.</strong></span> 
     </span>
     <span class='ocr_line' id='line_1_37' title="bbox 132 3485 1284 3554; baseline 0.002 -18"><span class='ocrx_word' id='word_1_275' title='bbox 132 3486 138 3497; x_wconf 89' lang='lat'><strong><em>‘</em></strong></span> <span class='ocrx_word' id='word_1_276' title='bbox 294 3491 361 3538; x_wconf 75' lang='lat'><strong>2342</strong></span> <span class='ocrx_word' id='word_1_277' title='bbox 390 3489 482 3552; x_wconf 88' lang='lat' dir='ltr'><strong>„Was</strong></span> <span class='ocrx_word' id='word_1_278' title='bbox 500 3485 557 3540; x_wconf 90' lang='lat' dir='ltr'><strong>dea</strong></span> <span class='ocrx_word' id='word_1_279' title='bbox 575 3487 731 3539; x_wconf 84' lang='lat' dir='ltr'><strong>Socrates</strong></span> <span class='ocrx_word' id='word_1_280' title='bbox 750 3488 902 3552; x_wconf 80' lang='lat' dir='ltr'><strong>Deutuug</strong></span> <span class='ocrx_word' id='word_1_281' title='bbox 918 3501 976 3538; x_wconf 89' lang='lat' dir='ltr'><strong>von</strong></span> <span class='ocrx_word' id='word_1_282' title='bbox 994 3485 1214 3539; x_wconf 84' lang='lat' dir='ltr'><strong>demGadioh-</strong></span> <span class='ocrx_word' id='word_1_283' title='bbox 1283 3543 1284 3554; x_wconf 13' lang='grc' dir='ltr'>γ</span> 
     </span>
     <span class='ocr_line' id='line_1_38' title="bbox 257 3553 1284 3620; baseline -0.003 -16"><span class='ocrx_word' id='word_1_284' title='bbox 257 3581 260 3604; x_wconf 83' lang='grc'>;</span> <span class='ocrx_word' id='word_1_285' title='bbox 294 3553 778 3620; x_wconf 82' lang='lat' dir='ltr'><strong>tedesSimnuidesbetriist,</strong></span> <span class='ocrx_word' id='word_1_286' title='bbox 796 3555 945 3608; x_wconf 85' lang='lat' dir='ltr'><strong>vendam</strong></span> <span class='ocrx_word' id='word_1_287' title='bbox 961 3569 1022 3606; x_wconf 88' lang='lat' dir='ltr'><strong>una</strong></span> <span class='ocrx_word' id='word_1_288' title='bbox 1040 3555 1149 3608; x_wconf 88' lang='lat' dir='ltr'><strong>nichta</strong></span> <span class='ocrx_word' id='word_1_289' title='bbox 1167 3571 1214 3606; x_wconf 73' lang='lat' dir='ltr'><strong>er.</strong></span> <span class='ocrx_word' id='word_1_290' title='bbox 1283 3559 1284 3594; x_wconf 70' lang='lat' dir='ltr'><strong>l</strong></span> 
     </span>
     <span class='ocr_line' id='line_1_39' title="bbox 292 3621 1214 3688; baseline 0 -12"><span class='ocrx_word' id='word_1_291' title='bbox 292 3621 411 3676; x_wconf 84' lang='lat' dir='ltr'><strong>haitan</strong></span> <span class='ocrx_word' id='word_1_292' title='bbox 434 3625 480 3678; x_wconf 85' lang='lat' dir='ltr'><strong>iat</strong></span> <span class='ocrx_word' id='word_1_293' title='bbox 501 3626 552 3676; x_wconf 90' lang='lat' dir='ltr'><strong>ala</strong></span> <span class='ocrx_word' id='word_1_294' title='bbox 575 3625 657 3679; x_wconf 88' lang='lat' dir='ltr'><strong>aben</strong></span> <span class='ocrx_word' id='word_1_295' title='bbox 679 3623 774 3676; x_wconf 86' lang='lat' dir='ltr'><strong>dicae</strong></span> <span class='ocrx_word' id='word_1_296' title='bbox 803 3623 1044 3688; x_wconf 79' lang='lat' dir='ltr'><strong>Brucbsttioke,</strong></span> <span class='ocrx_word' id='word_1_297' title='bbox 1073 3624 1151 3674; x_wconf 86' lang='lat' dir='ltr'><strong>dass</strong></span> <span class='ocrx_word' id='word_1_298' title='bbox 1179 3640 1214 3676; x_wconf 86' lang='lat' dir='ltr'><strong>ea</strong></span> 
     </span>
     <span class='ocr_line' id='line_1_40' title="bbox 293 3690 1267 3760; baseline 0.002 -18"><span class='ocrx_word' id='word_1_299' title='bbox 293 3691 429 3747; x_wconf 73' lang='lat' dir='ltr'><strong>nimiich</strong></span> <span class='ocrx_word' id='word_1_300' title='bbox 447 3693 517 3746; x_wconf 90' lang='lat' dir='ltr'><strong>eine</strong></span> <span class='ocrx_word' id='word_1_301' title='bbox 533 3693 625 3758; x_wconf 73' lang='lat' dir='ltr'><strong>Ruga</strong></span> <span class='ocrx_word' id='word_1_302' title='bbox 642 3693 714 3746; x_wconf 87' lang='lat' dir='ltr'><strong>sein</strong></span> <span class='ocrx_word' id='word_1_303' title='bbox 733 3694 796 3750; x_wconf 88' lang='lat' dir='ltr'><strong>soil</strong></span> <span class='ocrx_word' id='word_1_304' title='bbox 814 3708 918 3760; x_wconf 84' lang='lat' dir='ltr'><strong>gagen</strong></span> <span class='ocrx_word' id='word_1_305' title='bbox 935 3691 995 3748; x_wconf 90' lang='lat' dir='ltr'><strong>den</strong></span> <span class='ocrx_word' id='word_1_306' title='bbox 1012 3691 1139 3758; x_wconf 87' lang='lat' dir='ltr'><strong>Spruah</strong></span> <span class='ocrx_word' id='word_1_307' title='bbox 1156 3690 1214 3744; x_wconf 85' lang='lat' dir='ltr'><strong>des</strong></span> <span class='ocrx_word' id='word_1_308' title='bbox 1264 3725 1267 3734; x_wconf 72' lang='lat'><strong>.</strong></span> 
     </span>
     <span class='ocr_line' id='line_1_41' title="bbox 293 3759 1214 3826; baseline 0 -13"><span class='ocrx_word' id='word_1_309' title='bbox 293 3759 467 3824; x_wconf 66' lang='lat' dir='ltr'><strong>Plinius,</strong></span> <span class='ocrx_word' id='word_1_310' title='bbox 485 3775 520 3812; x_wconf 87' lang='lat' dir='ltr'><strong>ao</strong></span> <span class='ocrx_word' id='word_1_311' title='bbox 538 3759 585 3811; x_wconf 87' lang='lat' dir='ltr'><strong>ia&#39;t</strong></span> <span class='ocrx_word' id='word_1_312' title='bbox 602 3760 648 3812; x_wconf 87' lang='lat' dir='ltr'><strong>sie</strong></span> <span class='ocrx_word' id='word_1_313' title='bbox 666 3776 725 3826; x_wconf 84' lang='lat' dir='ltr'><strong>gar</strong></span> <span class='ocrx_word' id='word_1_314' title='bbox 741 3760 830 3813; x_wconf 87' lang='lat' dir='ltr'><strong>nicht</strong></span> <span class='ocrx_word' id='word_1_315' title='bbox 847 3760 1007 3826; x_wconf 80' lang='lat' dir='ltr'><strong>lediglich</strong></span> <span class='ocrx_word' id='word_1_316' title='bbox 1025 3763 1074 3812; x_wconf 89' lang='lat' dir='ltr'><strong>als</strong></span> <span class='ocrx_word' id='word_1_317' title='bbox 1092 3759 1214 3813; x_wconf 75' lang='lat' dir='ltr'><strong>Schera</strong></span> 
     </span>
     <span class='ocr_line' id='line_1_42' title="bbox 253 3827 1213 3894; baseline 0.001 -15"><span class='ocrx_word' id='word_1_318' title='bbox 253 3849 256 3856; x_wconf 58' lang='lat'><strong>⁴</strong></span> <span class='ocrx_word' id='word_1_319' title='bbox 293 3841 332 3879; x_wconf 81' lang='lat' dir='ltr'><strong>au</strong></span> <span class='ocrx_word' id='word_1_320' title='bbox 348 3827 490 3880; x_wconf 85' lang='lat' dir='ltr'><strong>nahmen.</strong></span> <span class='ocrx_word' id='word_1_321' title='bbox 525 3827 739 3894; x_wconf 85' lang='lat' dir='ltr'><strong>Weuigstens</strong></span> <span class='ocrx_word' id='word_1_322' title='bbox 757 3830 911 3882; x_wconf 83' lang='lat' dir='ltr'><strong>besitzeu</strong></span> <span class='ocrx_word' id='word_1_323' title='bbox 928 3830 982 3880; x_wconf 86' lang='lat' dir='ltr'><strong>uir</strong></span> <span class='ocrx_word' id='word_1_324' title='bbox 998 3828 1142 3880; x_wconf 88' lang='lat' dir='ltr'><strong>nocheiri</strong></span> <span class='ocrx_word' id='word_1_325' title='bbox 1156 3831 1213 3880; x_wconf 88' lang='lat' dir='ltr'><strong>aii.-</strong></span> 
     </span>
    </p>

    <p class='ocr_par' dir='ltr' id='par_1_14' title="bbox 171 3875 1284 4238">
     <span class='ocr_line' id='line_1_43' title="bbox 171 3875 1213 3964; baseline 0.003 -18"><span class='ocrx_word' id='word_1_326' title='bbox 171 3906 174 3915; x_wconf 89' lang='lat'><strong>·</strong></span> <span class='ocrx_word' id='word_1_327' title='bbox 222 3925 225 3930; x_wconf 94' lang='lat'>-</span> <span class='ocrx_word' id='word_1_328' title='bbox 292 3895 508 3962; x_wconf 81' lang='lat' dir='ltr'><strong>gemaiudem</strong></span> <span class='ocrx_word' id='word_1_329' title='bbox 529 3896 1041 3964; x_wconf 77' lang='lat' dir='ltr'><strong>Simonideszngeachriebenas</strong></span> <span class='ocrx_word' id='word_1_330' title='bbox 1064 3896 1124 3946; x_wconf 92' lang='lat' dir='ltr'><strong>und</strong></span> <span class='ocrx_word' id='word_1_331' title='bbox 1147 3875 1213 3949; x_wconf 65' lang='lat' dir='ltr'><strong>dle-</strong></span> 
     </span>
     <span class='ocr_line' id='line_1_44' title="bbox 294 3962 1213 4032; baseline 0.002 -18"><span class='ocrx_word' id='word_1_332' title='bbox 294 3962 480 4016; x_wconf 77' lang='lat' dir='ltr'><strong>cambierin</strong></span> <span class='ocrx_word' id='word_1_333' title='bbox 493 3964 638 4032; x_wconf 87' lang='lat' dir='ltr'><strong>Sprache</strong></span> <span class='ocrx_word' id='word_1_334' title='bbox 655 3965 856 4022; x_wconf 84' lang='lat' dir='ltr'><strong>undlllauier</strong></span> <span class='ocrx_word' id='word_1_335' title='bbox 874 3965 1213 4018; x_wconf 75' lang='lat' dir='ltr'><strong>unverkannbarlibn-</strong></span> 
     </span>
     <span class='ocr_line' id='line_1_45' title="bbox 293 4029 1284 4102; baseline 0.006 -22"><span class='ocrx_word' id='word_1_336' title='bbox 293 4029 561 4098; x_wconf 82' lang='lat' dir='ltr'><strong>iichechdlcbt,</strong></span> <span class='ocrx_word' id='word_1_337' title='bbox 580 4033 723 4086; x_wconf 86' lang='lat' dir='ltr'><strong>welches</strong></span> <span class='ocrx_word' id='word_1_338' title='bbox 741 4032 1147 4099; x_wconf 85' lang='lat' dir='ltr'><strong>aichebanaopoiemisah</strong></span> <span class='ocrx_word' id='word_1_339' title='bbox 1162 4034 1216 4086; x_wconf 78' lang='lat' dir='ltr'><strong>arri</strong></span> <span class='ocrx_word' id='word_1_340' title='bbox 1283 4093 1284 4102; x_wconf 10' lang='grc' dir='ltr'>ἵ</span> 
     </span>
     <span class='ocr_line' id='line_1_46' title="bbox 293 4097 1284 4174; baseline 0.003 -24"><span class='ocrx_word' id='word_1_341' title='bbox 293 4097 1212 4169; x_wconf 75' lang='lat' dir='ltr'><strong>dasimPhaedrusangeiihrteEpigrammdesKieobu-</strong></span> <span class='ocrx_word' id='word_1_342' title='bbox 1283 4105 1284 4174; x_wconf 41' lang='grc'><strong>1</strong></span> 
     </span>
     <span class='ocr_line' id='line_1_47' title="bbox 294 4167 1284 4238; baseline 0.003 -17"><span class='ocrx_word' id='word_1_343' title='bbox 294 4167 344 4221; x_wconf 86' lang='lat' dir='ltr'><strong>lus</strong></span> <span class='ocrx_word' id='word_1_344' title='bbox 361 4167 511 4238; x_wconf 79' lang='lat' dir='ltr'><strong>beaiaht,</strong></span> <span class='ocrx_word' id='word_1_345' title='bbox 533 4170 590 4224; x_wconf 89' lang='lat' dir='ltr'><strong>der</strong></span> <span class='ocrx_word' id='word_1_346' title='bbox 603 4170 638 4238; x_wconf 80' lang='lat' dir='ltr'><strong>jo</strong></span> <span class='ocrx_word' id='word_1_347' title='bbox 661 4169 741 4223; x_wconf 90' lang='lat' dir='ltr'><strong>auch</strong></span> <span class='ocrx_word' id='word_1_348' title='bbox 759 4185 799 4223; x_wconf 84' lang='grc' dir='ltr'><strong>ιιι</strong></span> <span class='ocrx_word' id='word_1_349' title='bbox 821 4170 883 4224; x_wconf 91' lang='lat' dir='ltr'><strong>den</strong></span> <span class='ocrx_word' id='word_1_350' title='bbox 900 4169 1021 4224; x_wconf 89' lang='lat' dir='ltr'><strong>Siebeu</strong></span> <span class='ocrx_word' id='word_1_351' title='bbox 1039 4169 1210 4238; x_wconf 78' lang='lat' dir='ltr'><strong>gahdrte.“</strong></span> <span class='ocrx_word' id='word_1_352' title='bbox 1283 4189 1284 4192; x_wconf 43' lang='lat'>¹</span> 
     </span>
    </p>
   </div>
   <div class='ocr_carea' id='block_1_5' title="bbox 0 0 1296 4736">
    <p class='ocr_par' dir='ltr' id='par_1_15' title="bbox 0 0 1296 4736">
     <span class='ocr_line' id='line_1_48' title="bbox 0 0 1296 4736; baseline 0 0"><span class='ocrx_word' id='word_1_353' title='bbox 0 0 1296 4736; x_wconf 95' lang='lat' dir='ltr'><strong> </strong></span> 
     </span>
    </p>
   </div>
  </div>
 </body>
</html>
