2584 4736
228 371 231 376 Ι
277 269 279 278 ’
348 285 403 350 nn
424 281 748 354 rnonuoounn.
927 269 931 276 '
999 293 1040 358 ιι

25 455 78 536 qui
96 455 211 538 seotsti
231 460 302 519 sunt
322 457 388 520 eius
409 455 608 539 disciplinam,
629 459 652 523 ii
672 479 742 524 anos
762 459 793 526 iu
816 460 924 525 molant
946 481 1040 544 qusn-
1074 499 1079 507 ·

25 541 98 604 dam
122 539 318 606 deferrentur
330 581 335 585 ·
348 549 453 606 contre
474 546 573 608 omuIa
594 545 761 608 disserendi
784 548 1041 624 consuetudinem,

25 647 107 705 quae
129 628 205 688 nihii
225 646 285 690 uon
301 629 407 692 callide
428 637 620 711 perverteret
640 651 675 694 ao
695 633 784 696 variis
805 653 860 694 usa
879 633 1043 696 calumnia-r

24 713 164 776 tionibus
185 713 234 776 rei
256 733 307 789 ea,
330 733 407 794 quae
427 721 533 799 aperta
553 734 589 779 so
610 716 771 778 manifesta
791 719 939 787 deberent
959 739 1042 794 esse,

23 818 136 860 narsus
165 798 196 862 in
225 798 441 864 dubitationem
469 819 578 866 uocare
599 809 760 866 conaretur
779 799 821 881 *).
863 803 961 880 Quum
981 803 1041 884 igi-

24 890 79 944 tur
99 882 194 964 homo
215 883 408 948 doctissimus
436 886 498 948 ista
528 888 626 948 omnia
647 889 846 968 profiteretur
865 888 1041 968 nullumque

26 971 244 1048 disputationis
265 990 362 1051 genus
384 992 402 1032 a
422 991 456 1034 se
477 972 608 1032 alienum
628 992 698 1034 esse
717 974 834 1037 dioeret
854 969 922 1052 **),
949 974 1041 1038 iaoiie

24 1059 168 1134 apparet,
191 1075 244 1116 our
265 1058 291 1119 i
308 1077 326 1118 s
347 1057 461 1136 Gorgia
482 1057 672 1134 discesseris,
693 1067 865 1121 ceterorum
887 1059 1057 1138 ramirus.

24 1161 97 1200 rum
120 1139 229 1200 sumam
251 1141 428 1222 largissime
449 1142 528 1221 apud
542 1139 677 1206 Grseoos
697 1145 885 1224 superaverit
905 1163 941 1206 no
954 1150 1041 1208 tanto
1135 1187 1140 1194 ι

25 1225 58 1286 in
80 1225 201 1288 honore
222 1227 263 1288 sit
290 1228 429 1300 babitus,
461 1233 497 1292 ut
524 1246 593 1290 eam
619 1247 715 1310 paena
743 1235 883 1311 unquam
909 1230 1040 1310 aliquem

26 1313 121 1373 deum
141 1319 358 1376 venerarentur
379 1309 454 1392 ***).
518 1301 522 1319 '
569 1387 571 1392 ,
1019 1377 1023 1392 ‚

22 1425 27 1440 ι
114 1393 201 1458 Haeo
221 1399 314 1480 igitur
341 1398 402 1478 tuit
422 1397 626 1460 nobilissimae
651 1396 732 1459 iiiios
753 1395 930 1478 disciptinae
949 1399 1040 1478 ratio,

27 1498 119 1558 qrranr
141 1480 325 1562 Protagoras
353 1483 566 1565 profitebatur.
585 1533 590 1540 .
608 1483 668 1562 Qui
689 1484 716 1546 si
738 1484 804 1562 nasis
826 1485 912 1558 alios,
933 1484 1052 1565 prote.

28 1573 80 1626 oto
110 1567 169 1628 sibi
193 1567 269 1630 iilud
296 1569 401 1632 debuit
427 1569 599 1631 certissime
631 1569 820 1649 persuasisse
852 1569 1040 1635 virtutem

27 1651 173 1714 doceri
193 1671 323 1733 posse.
364 1655 506 1734 Alioquin
528 1655 616 1718 enim.
629 1655 698 1716 iteri
717 1653 801 1716 unito
822 1655 913 1718 ruodo
926 1656 1041 1736 potnit,
1108 1719 1111 1728 ,

27 1742 62 1798 ut
84 1757 120 1802 se
140 1737 237 1818 palam
259 1740 458 1819 profiteretur
477 1741 558 1800 iliius
579 1740 764 1820 magistrum.
990 1817 996 1826 .

115 1823 221 1904 Longe
240 1825 297 1887 alia
319 1825 377 1886 fuit
398 1825 533 1887 Socratis
554 1825 594 1898 de
615 1825 777 1889 hisrebus
799 1824 1040 1901 sententiando

30 1905 216 1972 iilius'ratio
238 1928 274 1970 aa
301 1910 468 1991 disciplina.
509 1911 673 1988 Qui,etsi
702 1911 733 1983 in
760 1910 938 1990 quibusdam
970 1930 1041 1974 oum
1104 1963 1114 1994 ,

28 1994 99 2052 istis
122 1995 312 2077 opinionibus
328 1997 504 2058 eosrvenisse
516 1995 613 2058 videri
634 2001 748 2077 potest,
770 2003 871 2058 umen
892 2014 928 2056 re
948 2015 1041 2058 raou-

29 2081 128 2141 ratius
155 2083 347 2144 considerata
375 2083 412 2143 ab
438 2081 476 2142 iis
499 2081 645 2144 dissensit
665 2081 838 2162 plurimum.
878 2081 955 2143 Nam
974 2081 1046 2160 pri·.

27 2184 114 2227 muru
135 2167 258 2246 quidem
287 2167 341 2230 iile
359 2168 502 2228 virtutem
523 2167 696 2250 neutiquam
716 2166 874 2228 referebat
894 2166 983 2226 onice
1002 2165 1043 2228 ed

28 2251 113 2312 vitae
129 2252 290 2328 ‚utilitates
324 2258 417 2331 atque
444 2253 616 2326 commoda,
652 2251 709 2312 sed
736 2247 838 2313 inesse
862 2250 984 2313 uniebat
1010 2251 1072 2314 io*

29 2353 87 2409 eo,
109 2337 191 2415 quod
211 2337 322 2420 bonum
349 2345 382 2412 et
400 2335 563 2400 honestum
584 2341 685 2414 esset,
717 2343 749 2398 et
775 2338 806 2398 in
827 2336 925 2398 auimo
945 2335 1044 2398 bone·

30 2429 151 2485 storum
190 2420 387 2484 consiliorum
428 2420 641 2501 fautorumque
690 2422 750 2482 sibi
791 2421 914 2485 oousoio
946 2421 1045 2501 ****).

28 2505 150 2592 Deinde
170 2505 350 2587 Protagorel
373 2526 463 2586 quarm
483 2515 610 2588 propter
637 2505 668 2566 id
696 2507 814 2588 ipsum,
839 2505 920 2587 quod
947 2506 1043 2568 virtu·

30 2601 96 2667 tem
119 2594 335 2658 adcommoda
356 2600 389 2654 et
409 2593 559 2654 utilitates
580 2592 708 2655 monime
728 2592 921 2666 referebant,
942 2593 969 2652 si
989 2610 1043 2652 ve·-
1090 2583 1104 2614 '

29 2697 102 2740 rum
131 2680 321 2756 quaerimus,
343 2698 463 2740 omnem
484 2677 523 2738 ad
548 2676 629 2738 iliam
650 2679 871 2740 institutionem
892 2677 931 2738 sd
951 2697 1042 2740 unam
1148 2685 1149 2693 ’

32 2764 240 2844 opinationem
260 2770 296 2824 et
314 2762 460 2844 quondam
480 2762 649 2834 hariolandi
671 2761 911 2842 ooniioiendiqua
932 2762 1042 2826 solier-

31 2852 108 2912 tinm
134 2856 327 2925 resonarent,
353 2849 405 2910 hie
435 2847 515 2928 quod
542 2849 686 2910 virtutem
714 2858 780 2911 nou'
795 2850 920 2928 putabat
939 2848 970 2906 in
991 2867 1044 2909 re·

30 2955 102 2996 rum
124 2935 270 2996 fluxarum
290 2941 323 2996 et
343 2935 524 2996 aunuum
546 2936 648 2998 studio
669 2935 835 3006 contineri,
864 2933 920 2994 sed
942 2931 978 2991 sd
999 2932 1045 3006 id,

31 3020 115 3100 qarod
136 3021 165 3080 in
188 3039 223 3080 se
244 3009 515 3082 bonumessetsset
534 3019 717 3094 honestum,
750 3025 890 3099 spectare
911 3017 1045 3092 solebat,

30 3107 114 3166 recti
144 3105 274 3184 bonique
300 3125 423 3168 sensum
450 3124 486 3166 ae
508 3105 690 3182 seientiam,
706 3123 782 3182 quiae
803 3103 950 3164 interiore
971 3123 1044 3181 qua-

31 3194 106 3252 dam
132 3192 222 3252 urrinni
249 3191 413 3262 eorrflsione
433 3189 602 3266 niteretur,
628 3189 667 3254 ad
696 3208 762 3250 ιιιιιι
791 3191 881 3270 plane
902 3207 1045 3256 neeessa-

30 3279 112 3338 riam
142 3295 212 3336 esse
237 3275 393 3360 iudicauit.
443 3277 646 3353 Quamobrem
674 3275 701 3336 si
730 3277 930 3353 quaerebatur
956 3273 1045 3346 iilud,
1130 3275 1133 3279 '

32 3361 117 3444 quod
146 3361 303 3442 sophistae
330 3361 435 3440 utique
462 3361 672 3434 affirmabant,
703 3366 849 3439 possetne
870 3362 967 3420 virtus
987 3357 1045 3424 do·
1145 3371 1148 3384 '

30 3449 133 3510 atrion
156 3453 188 3508 et
209 3448 399 3516 institutione
420 3447 606 3530 comparari,
634 3465 721 3526 quam
744 3447 952 3526 quaestionem
972 3460 1045 3508 oon·

31 3625 235 3643 „m

103 3749 130 3813 ')
147 3747 179 3798 V.
197 3745 321 3814 Proiegg.
342 3747 375 3800 ad
391 3747 545 3816 Euthydem.

94 3834 132 3900 ·’)
148 3831 234 3886 Ptat.
252 3829 327 3885 Prot.
344 3850 369 3902 p.
390 3839 449 3902 stt.
470 3833 500 3888 c.
519 3839 578 3887 tto.
597 3833 630 3889 B.
650 3836 683 3888 ai.
893 3868 896 3877 ·
1063 3869 1066 3883 ·

84 3918 132 3984 ·“·)
150 3916 182 3970 V.
201 3917 283 3970 Pist
301 3917 408 3986 Protng.
426 3937 451 3988 p.
469 3923 528 3972 siti.
546 3919 571 3974 Δ
588 3935 643 3988 sqq.
660 3921 701 3972 De
716 3919 787 3987 Rep.
803 3919 837 3974 X.
852 3937 878 3989 p.
896 3925 955 3972 tto.
972 3919 1003 3972 C.

68 4003 130 4072 m’)
148 4003 188 4056 Ita
205 4008 275 4056 certe
292 4002 325 4056 da
341 4003 477 4058 Platonico
487 4000 603 4058 Socrate
614 4004 787 4087 annuendam.
822 4003 904 4058 tiiter
920 4015 982 4058 sane
994 4005 1047 4088 So·

156 4075 249 4198 titt
265 4071 809 4211 it‘tidttttntitanibus
829 4073 870 4129 ⁰⁰
889 4073 1047 4206 ⁹9¹¹⁰'⁰¹'¹¹¹'

686 4352 698 4385 d
