2584 4736
367 342 423 410 au
443 325 746 412 rnounoounn.
853 445 856 474 .
923 425 926 436 .
980 301 1065 412 -an

45 509 171 576 versam
192 508 297 576 aarum
318 515 384 578 aeri
403 517 453 579 rel
474 516 637 596 quaerendi
657 515 706 580 val
726 511 894 599 explicandi
913 515 1061 580 rationem
1191 569 1193 574 .

47 601 166 662 docere
186 600 368 664 luculentius
388 602 521 675 institnit
543 603 586 664 lta
607 609 809 685 comparatam
831 621 917 681 esse,
943 609 979 665 ut
1007 603 1061 683 qul

47 705 86 746 ea
108 687 252 761 utantur,
279 687 302 747 li
322 705 472 766 nunquam
492 689 611 768 possint
631 685 669 749 ad
693 697 806 751 certam
826 689 891 752 reri
912 689 1062 768 cognitio-

48 789 123 832 nem
145 775 198 831 tnt
218 771 374 834 scientiam
390 775 559 856 pervenire.
601 775 859 852 Quemadmodum
873 773 965 854 igitur
980 772 1062 835 (ior-

48 858 117 936 gias
144 857 183 917 ad
212 856 366 918 ridendam
398 877 502 920 vanam
532 857 614 920 niun
641 860 844 940 sophistarum
874 867 907 922 ct
928 861 1062 922 virorum

48 942 248 1022 politicorum
271 943 473 1022 eloquentiam
501 949 591 1022 atque
617 951 713 1006 artem
735 947 852 1007 civilem
867 945 1062 1025 'compositus
1194 978 1197 985 ·

49 1035 120 1101 ast;
150 1029 192 1087 ita
212 1028 242 1087 in
266 1027 449 1107 Protagora,
479 1028 618 1112 exemplo
638 1031 686 1090 rei
706 1049 724 1090 a
746 1031 923 1110 quaestione
945 1031 1062 1091 studio·
1109 1101 1112 1111 ,

50 1114 175 1174 sissime
204 1114 315 1192 agitata
341 1115 494 1193 repetito,
522 1114 699 1193 aperiuntur
726 1126 834 1178 causae
862 1116 1062 1192 strutiones,
1169 1176 1171 1181 .

48 1216 107 1258 cur
127 1197 341 1277 [sophistarum
370 1197 496 1260 docendi
521 1199 599 1260 ratio
627 1200 666 1259 ad
691 1219 796 1262 verum
821 1202 1060 1280 investigandum

48 1291 83 1344 et
111 1283 322 1344 illustrandum
349 1283 425 1346 nilril
451 1285 596 1346 momenti
621 1284 741 1352 habeat.
783 1286 870 1364 Quod
898 1295 1061 1364 utrumque

47 1375 259 1515 ababli?
272 1371 838 1518 nnn”ttulttlllt“tt
857 1371 1062 1536 lanitiis
1173 1419 1176 1426 ’

510 1525 514 1530 .
624 1500 633 1530 b
839 1518 843 1523 ι

50 1540 156 1600 statim
183 1541 293 1602 obtutu
322 1540 430 1601 videat.
473 1541 571 1617 Quum
599 1540 692 1620 igitur
713 1540 870 1622 probabile
892 1543 932 1602 sit
951 1539 1061 1601 Prota-

49 1643 156 1704 goram
176 1625 326 1704 aliqnanto
348 1631 419 1707 post
435 1623 609 1701 Messanam,
630 1646 687 1688 nec
706 1628 802 1688 multo
824 1634 893 1688 ante
915 1626 1061 1706 Gorgiam
1099 1635 1101 1638 ’

50 1729 125 1770 esse
145 1713 365 1791 compositum,
393 1709 535 1774 Meuania
556 1719 661 1772 ¹antem
691 1713 815 1794 scriptio
835 1715 866 1774 ha
886 1711 961 1774 illud
983 1719 1063 1773 tem·
1176 1715 1179 1732 ¹
1283 1748 1284 1772 ι

51 1815 111 1876 pus
132 1796 261 1873 incidat,
290 1816 349 1876 quo
371 1797 506 1860 simultas
529 1803 562 1856 et
581 1797 735 1858 inimicitia
756 1799 836 1858 inter
856 1797 988 1880 Anytum
1010 1803 1061 1856 at·

51 1899 112 1959 qaae
143 1881 301 1944 Socratem
327 1881 408 1942 hand
435 1883 478 1942 ita
506 1880 623 1962 pridem
652 1883 815 1944 enaraaiset
836 1877 886 1968 *);
917 1881 1062 1959 consequi

51 1967 249 2043 arbitramur,
278 1972 314 2026 ut
340 1967 420 2028 hunc
440 1984 610 2030 sennonem
632 1974 770 2030 nostrum
792 1969 892 2048 paullo
913 1973 989 2028 ante·
1003 1967 1062 2028 Sa·

51 2054 144 2112 cratia
172 2054 393 2114 accusationem
423 2051 536 2114 litteris
565 2055 734 2114 mandatum
768 2071 838 2114 esse
858 2051 1064 2113 uerisimiliter
1143 2065 1144 2070 ’

52 2139 206 2198 conticere
232 2138 331 2198 liceat.
374 2137 471 2214 Quem
498 2139 524 2199 si
551 2139 672 2200 circiter
695 2139 816 2219 Olymp.
837 2139 889 2200 aa.
912 2137 941 2197 8.
962 2136 1010 2196 ael
1031 2137 1061 2196 4.

52 2223 200 2301 scriptum
211 2231 362 2303 putamus,
383 2222 463 2284 haud
479 2225 554 2298 scio,
576 2243 612 2284 an
632 2240 694 2284 non
716 2223 841 2283 multam
857 2241 873 2282 a
888 2239 962 2282 aero
975 2221 1064 2280 aber⁴

51 2325 168 2369 remus.
192 2306 357 2370 ·Geterum
386 2309 446 2369 iam
478 2314 566 2369 antea
605 2307 836 2388 significavimus
863 2307 1063 2387 Protagoram

53 2394 146 2454 etiam
174 2413 241 2453 carn
270 2393 448 2469 Charmide,
477 2393 699 2474 Euthyphrcue
730 2399 764 2454 et
791 2393 926 2454 Lachete
941 2393 1064 2453 arctis·
1176 2427 1178 2432 .
1209 2467 1211 2474 Ι

52 2479 130 2538 sima
158 2481 304 2542 contineri
332 2481 573 2555 necessitudine,
602 2498 640 2540 ex
667 2497 726 2558 qua
754 2497 789 2540 re
809 2480 883 2540 item
904 2477 1007 2558 colligi
1027 2477 1066 2538 li-

53 2564 154 2641 cebit,
176 2583 236 2644 quo
260 2573 398 2648 tempora
418 2565 530 2646 litteris
550 2565 743 2646 consignatus
765 2565 814 2626 sit

140 2719 208 2796 Quo
230 2725 371 2800 tempore
390 2717 571 2798 colloquium
599 2711 736 2780 habitum
763 2709 921 2798 tingatur,
938 2716 1067 2778 multum

55 2825 76 2866 ι
95 2805 168 2866 airis
191 2806 290 2867 doctis
311 2805 479 2866 dubitatum
500 2810 550 2865 cst
569 2797 627 2882 **).
670 2805 745 2866 Nam
773 2805 856 2882 quad
883 2803 1067 2882 Protagoras

55 2909 149 2954 senex
170 2891 277 2970 mandi
298 2895 416 2964 aetate,
443 2907 532 2968 quem
554 2887 675 2970 olymp.
696 2889 752 2952 ct.
773 2889 803 2948 2.
826 2893 976 2948 mortuum
998 2905 1069 2948 esse

54 2976 220 3038 verisimile
242 2981 290 3036 ost
305 2973 380 3052 ***),
402 2993 472 3036 mam
492 2972 619 3034 Socrate
640 2972 738 3034 adnue
758 2973 869 3034 iuvene
890 2972 1068 3050 colloquens
1180 2983 1183 2990 ’

54 3063 210 3122 inducitur
227 3057 328 3140 ****);
349 3060 431 3139 quod
453 3057 644 3134 Alcibiades,
665 3059 717 3138 qni
736 3059 795 3118 iam
816 3057 942 3139 (llyrnp.
962 3058 1015 3119 btl.
1038 3057 1067 3116 1.

56 3145 119 3210 dux
138 3145 367 3208 Atheniensium
385 3143 630 3225 Peloponnesum
650 3145 767 3218 invasit,
790 3143 961 3228 appellatur
981 3139 1069 3226 noai-

54 3251 120 3294 ,τον
145 3225 315 3309 iamneae
334 3227 389 3314 †);
427 3230 508 3308 quod
542 3230 680 3310 Agatho,
710 3237 803 3308 poeta
833 3231 985 3308 tragicus,
1017 3227 1069 3306 qui

57 3317 180 3399 Olymp.
202 3317 255 3384 aa.
277 3322 353 3380 extr.
374 3317 406 3379 lu
426 3315 556 3380 hauseis
584 3315 752 3398 reportarit
778 3313 952 3391 umanum,
979 3330 1069 3376 raos-
1186 3365 1192 3392 ,

66 3519 264 3538 ..μα-ι-

127 3651 153 3719 ’)
170 3631 341 3718 v'.1²r0agg.
359 3649 393 3704 ad
409 3649 514 3706 blanca.

117 3737 154 3804 ”J
175 3736 202 3788 V.
220 3735 413 3788 Athenaeus
430 3737 523 3803 Deipu,
540 3734 573 3800 V,
591 3721 738 3804 lap-'atta
754 3734 795 3788 ed.
809 3729 1072 3802 Schweig.Schlai·
1085 3771 1108 3790 .,

164 3805 344 3858 ermacber.
369 3806 483 3858 Praesat.
502 3805 535 3856 ad
553 3806 691 3872 Protagor.
706 3823 733 3872 p.
751 3810 801 3856 218
820 3821 876 3870 sqq.
898 3799 1071 3856 Heindori.

87 3985 90 3994 .
163 3875 198 3993 pq
215 3875 359 4008 flquqtagor.
383 3891 408 3940 p.
434 3881 495 3926 tto.
514 3879 582 3927 Ast
610 3875 643 3927 de
663 3877 722 3927 Vita
742 3882 769 3926 ct
796 3875 906 3940 Scriptis
924 3873 1025 3924 Platon.
1045 3885 1070 3934 p.

104 4023 154 4095 ¹'”)
174 4028 206 4080 V.
224 4030 369 4081 Geelius
387 4029 445 4084 Act.
463 4028 538 4082 Nora
564 4027 679 4082 Traiaet.
697 4025 730 4079 T.
747 4027 779 4080 ΙΙ.
795 4045 821 4096 p.
839 4033 880 4079 to.
898 4041 921 4077 a.
940 4007 1034 4076 1821.ι

97 4114 155 4196 ms)
173 4113 205 4165 Ρ.
225 4117 283 4165 ιιι.
302 4114 333 4165 c.
351 4114 409 4165 con.
429 4119 489 4166 aaa.
506 4115 538 4171 c.
558 4121 625 4182 etp.
646 4119 703 4165 aaa.
722 4114 755 4165 u.

123 4199 157 4267 †)
175 4199 205 4252 V.
223 4200 279 4258 init.
297 4205 366 4266 etp.
384 4203 441 4252 8⁰⁰.
461 4199 493 4252 B.

694 4237 855 4348 ,ιμ’
