2584 4736
221 333 267 400 ιι
590 329 872 435 rnuurauro
1286 373 1287 456 q

95 481 99 492 ³
222 503 425 586 ssoiuptate
452 523 521 568 asse
547 506 745 587 separandam
775 503 916 587 egregrie
943 497 1103 588 docuit*).
1145 501 1239 580 Quod
1284 495 1287 594 t

225 591 253 654 si
273 594 461 672 suspicamur
481 608 551 654 euru
572 593 685 654 iecisse
706 593 795 668 ideo,
825 600 860 653 ut
881 609 959 670 quac
976 591 1011 652 in
1029 589 1199 668 Protagora
1220 607 1240 649 e

224 678 431 757 sophistarum
453 678 594 758 vulgique
614 685 718 740 mente
740 677 949 752 disseruisset,
979 675 1092 736 erroris
1114 675 1239 746 convin-

102 785 105 790 ·
224 770 311 824 curet
339 763 487 842 simulque
514 780 598 824 auam
625 765 722 844 ipsius
743 763 923 825 sententiam
950 759 1081 821 dilucide
1102 777 1239 840 expone·
1286 762 1288 888 4

223 855 286 922 ret,
312 865 372 910 non
398 867 539 909 veremur
567 867 606 908 ne
632 859 750 909 temere
775 848 916 909 hariolari
946 845 1109 906 videamur.
1158 845 1238 905 Nam
1282 903 1288 936 r

223 933 282 994 alia
302 935 392 994 etiam
420 935 450 994 in
479 933 531 992 itta
560 932 638 996 libro
660 935 871 1013 reperiuntur,
894 951 970 1011 quae
990 949 1050 992 non
1070 931 1177 1024 ipepte
1199 931 1240 992 ad
1286 939 1288 964 ⁴

116 1073 118 1078 ,
222 1017 419 1097 Protagoram
439 1018 592 1079 retuleris.
634 1021 785 1095 Quorsum
807 1019 963 1096 pertinent
985 1035 1061 1096 quae
1082 1017 1122 1076 de
1136 1015 1239 1075 scien·
1287 1075 1288 1080 ,

222 1104 284 1164 tiae
304 1110 338 1164 et
357 1104 522 1190 voluptatis
541 1104 713 1166 discrimine
734 1104 833 1184 deque
845 1102 1033 1168 fortitudinis
1050 1119 1118 1162 cum
1134 1102 1238 1162 scien·

221 1189 266 1250 tis
286 1189 497 1250 coniunctione
518 1186 708 1272 exponuntur
721 1187 777 1263 **).
822 1187 938 1270 Quodsi
958 1192 1058 1248 autem
1080 1203 1132 1260 ea,
1156 1205 1237 1264 quae

101 1267 104 1274 ⁴
221 1273 254 1334 in
283 1273 450 1353 Protagora
475 1277 630 1354 sophistae
651 1275 770 1335 ridendi
797 1291 888 1334 carisa
915 1293 934 1334 e
960 1273 1043 1351 sutgi
1068 1277 1160 1349 atqua
1183 1289 1240 1332 so·
1287 1251 1288 1320 b

221 1359 391 1438 phistarunr
410 1359 529 1440 potione
551 1359 753 1433 disserantur,
774 1359 805 1420 in
822 1358 936 1436 Gorgia
957 1357 1111 1437 exipsius
1133 1355 1238 1436 pbilo-

222 1442 314 1522 sopbi
333 1451 436 1504 mente
457 1449 491 1505 et
512 1447 662 1505 sententia
681 1444 731 1504 vet
752 1443 870 1505 brevius
892 1448 1103 1525 proponuntur
1118 1443 1167 1502 vet
1182 1459 1237 1502 co·
1285 1483 1288 1534 3

221 1529 338 1610 piosius
359 1529 565 1610 disputtntnr,
586 1547 675 1591 tremo
704 1535 754 1589 est
782 1529 852 1608 quin
878 1528 968 1589 facila
989 1527 1136 1608 targiatur
1158 1527 1238 1586 Pro·

221 1617 358 1692 tagoranr
378 1621 450 1674 aute
472 1614 615 1694 (iurgium
636 1617 667 1675 in
689 1614 787 1676 lucem
801 1613 1069 1694 prodiissevideri.
1112 1609 1254 1692 Quippe

220 1687 320 1760 ittera
344 1698 404 1762 baa
431 1701 598 1780 scriptione
618 1699 820 1780 philosophus
843 1699 1074 1772 docerevoluit,
1096 1714 1135 1757 ne
1157 1717 1238 1775 quae

220 1785 254 1860 in
274 1784 328 1844 itto
348 1803 490 1844 sermone
511 1793 640 1864 propter
656 1785 775 1846 ridendi
787 1783 969 1863 ludendique
984 1783 1140 1844 consitium
1154 1784 1238 1842 scri·-

221 1873 328 1946 pserat
362 1871 485 1930 sinistre
510 1872 730 1952 acciperentur.
778 1868 839 1930 iarn
868 1871 895 1931 si
920 1887 1024 1930 verum
1052 1875 1119 1943 est,
1151 1866 1238 1946 quod
1286 1817 1289 1942 b

220 1952 355 2015 Praeiat.
377 1954 414 2015 ad
436 1954 530 2034 Gorg.
553 1975 582 2036 p.
604 1955 657 2016 aa.
680 1975 724 2034 sq.
739 1955 971 2029 observavimus,
995 1954 1139 2034 Gorgiam
1151 1953 1238 2014 lraud

219 2038 266 2100 its,
282 2039 378 2100 mutto
399 2046 481 2119 post.
493 2040 629 2102 Socratis
651 2042 766 2102 obitnm
788 2041 934 2120 scriptum
955 2038 1059 2112 videri,
1081 2039 1239 2117 Protago-

218 2141 269 2187 ras
290 2130 376 2196 certe
396 2131 468 2186 snte
489 2126 624 2187 eiusdem
646 2126 866 2188 damnationem
886 2133 919 2185 et
941 2124 1121 2204 supplicium
1143 2123 1238 2184 titte—
1286 2117 1289 2136 “

219 2209 264 2270 ris
287 2211 479 2290 consignatus
501 2218 559 2272 es‘t.
602 2212 699 2289 Quam
722 2212 903 2273 sententiam
923 2211 1013 2270 etiarn
1036 2210 1101 2269 ‘boo
1122 2208 1239 2269 confir-

98 2340 103 2356 .
145 2339 150 2350 .
217 2299 297 2369 urat,
327 2295 408 2375 qaod
435 2314 475 2356 ne
502 2296 638 2362 litterula
667 2293 788 2376 quidem
823 2297 854 2369 iu
887 2313 925 2356 eo
951 2297 1124 2374 reperitur,
1155 2313 1239 2372 quae

218 2379 338 2440 tristem
366 2381 503 2460 magistri
530 2388 646 2444 sortem
673 2382 845 2461 siguificare
872 2381 1024 2454 videatur,
1047 2380 1121 2440 ticet
1141 2395 1239 2457 argu·
1289 2390 1290 2408 ¹

192 2542 196 2551 J
218 2469 353 2525 mantum
374 2463 415 2527 sit
436 2467 596 2542 eiusmodi,
616 2473 651 2528 ut
670 2467 759 2527 huius
781 2466 827 2526 rei
848 2467 963 2525 mentio
985 2463 1130 2524 iacittime
1150 2465 1238 2525 iniici

218 2550 364 2628 potnerit.
407 2551 664 2628 Quemadmodum
678 2569 752 2612 vero
765 2549 910 2628 Gorgiam
930 2549 1088 2630 probabile
1109 2555 1239 2611 estnon

218 2631 261 2694 ita
288 2635 392 2696 multis
420 2638 504 2698 annis
532 2643 605 2719 post
630 2637 793 2698 Meconem
823 2635 939 2696 editum
964 2652 1050 2708 esse,
1080 2653 1140 2716 quo
1163 2653 1239 2698 cum

218 2719 298 2780 libro
319 2739 426 2801 magna
455 2723 483 2782 ei
505 2723 668 2784 intercedit
688 2728 754 2782 trun
774 2719 943 2799 argumenti
971 2725 1036 2779 tum
1058 2719 1177 2780 consilii
1200 2725 1238 2782 et

119 2807 127 2818 ’
219 2805 344 2868 rationis
375 2807 558 2880 similitud03
585 2809 628 2868 ita
655 2803 855 2883 Protagoras,
883 2805 996 2884 quippe
1025 2822 1094 2864 oum
1122 2803 1237 2867 eodem
1288 2839 1290 2878 Α

184 2885 187 2890 ’
218 2890 298 2952 libro
319 2894 488 2983 argumenti
511 2891 638 2972 quadam
658 2891 838 2969 cognatione
859 2889 1050 2963 conirurctus,
1072 2891 1148 2964 item
1167 2908 1237 2953 non

218 2994 326 3054 magno
348 2977 385 3038 ab
407 2995 445 3038 eo
467 2984 602 3039 remotus
622 2974 1080 3054 videturtemporisintervallo.
1121 2973 1236 3052 Neque

217 3066 319 3121 tamen
341 3059 621 3134 Schieiermschcro
633 3060 793 3133 assentior,
816 3061 867 3137 qui
888 3058 1052 3119 Meconem
1066 3066 1138 3139 post
1153 3059 1236 3119 Pro-

169 3155 171 3162 ‘
217 3152 353 3224 tagoram
376 3149 490 3208 editum
510 3146 682 3206 arbitratur.
723 3144 830 3222 Neque
847 3145 970 3205 enimin
985 3142 1119 3204 Menona
1140 3143 1234 3206 istam

220 3231 401 3310 elegantiam
424 3238 455 3292 et
476 3231 677 3302 suavitatem,
698 3230 814 3307 copiam
842 3236 934 3308 atque
955 3230 1143 3304 libertatem,
1171 3228 1234 3289 dc-

216 3317 308 3394 niqua
334 3323 432 3376 arteau
460 3323 551 3392 atque
578 3312 801 3394 perfectionem
829 3315 979 3388 invenias,
1009 3331 1097 3392 quam
1124 3331 1233 3375 omnes

216 3403 246 3462 in
263 3399 429 3480 Protagora
450 3398 641 3458 admirantur.
686 3400 826 3474 Accedit,
848 3399 927 3476 quod
951 3418 1011 3459 uon
1026 3397 1153 3458 difficile
1177 3408 1230 3461 est

215 3488 255 3548 ad
275 3484 520 3565 intelligendum,
544 3483 596 3562 qui
616 3482 730 3544 sactum
751 3484 806 3558 sit,
833 3492 869 3544 ut
890 3484 1108 3562 philosophus,
1136 3502 1232 3562 quum

171 3569 174 3574 ’
214 3571 247 3634 in
273 3572 327 3632 itio
355 3571 433 3630 libro
460 3569 647 3629 ostendisset
675 3569 829 3650 sophistas
866 3575 899 3629 ct
926 3570 1008 3630 viros
1037 3567 1142 3628 civitas
1167 3587 1231 3632 non

214 3667 285 3718 esse
305 3656 432 3717 idoneos
452 3652 571 3714 virtutis
592 3654 770 3732 magistros,
799 3654 912 3732 quippe
944 3655 995 3732 qui
1016 3671 1033 3711 a
1055 3671 1145 3712 verae
1166 3654 1230 3714 vir-

192 3743 288 3804 .tntis
309 3733 481 3818 cognitione
509 3744 542 3798 et
569 3741 784 3805 exercitatione
812 3738 988 3817 longissime
1009 3737 1167 3812 abessent,
1195 3740 1230 3802 in

212 3826 381 3906 Protagora
401 3840 507 3886 rursus
526 3823 681 3906 sophistas
700 3841 828 3909 carpere
840 3824 981 3900 voluerit,
1023 3821 1144 3902 Quippe
1157 3824 1228 3886 uni·

246 4111 270 4176 ⁸)
289 4064 327 4160 Vi
339 4109 420 4176 Gorg.
442 4124 468 4176 p.
489 4113 548 4162 stt.
565 4087 624 4176 sqq.

128 4191 130 4196 ’
232 4178 268 4246 ⁸')
287 4179 319 4232 V·
337 4195 362 4247 p.
382 4183 441 4231 aab.
460 4177 490 4230 C.
509 4195 556 4246 sqq
