2584 4736
188 273 191 278 ¹
232 323 277 388 aa
575 323 880 390 ιιιιιιιιιιο

318 495 482 561 Enimvero
510 493 657 559 Socrates
681 488 856 560 Platonicus
884 511 976 577 ιιιιιιιι
1001 496 1069 576 ipse
1099 495 1145 558 sic
1172 513 1244 558 sen·

233 581 311 660 tlat,
339 589 375 644 ut
402 587 545 646 virtutem
573 585 604 644 in
632 585 704 644 boni
730 583 914 662 honestique
940 584 1113 664 cognitione
1140 585 1243 644 consi-

232 677 332 730 stere
343 670 526 745 arbitretur,
559 663 703 730 virtuter'n
734 675 836 729 autem
864 668 963 729 istam
981 669 1118 743 civilem,
1155 669 1244 730 cuius

233 757 377 816 doctores
404 757 582 834 sophistae
587 755 728 816 volebant
755 755 867 828 videri,
898 755 1016 814 incerto
1044 772 1117 814 casu
1140 761 1173 814 et
1192 746 1247 813 te·

232 841 361 902 meraris
385 847 503 901 ιιιιιιιιιι
533 845 636 901 rer'um
664 839 782 900 utilium
808 845 861 900 aut
888 840 1082 900 iucundorum
1106 833 1244 907 hariola-

233 925 318 988 tioue
345 937 381 986 tc
408 926 503 986 veluti
529 924 711 987 divinatione
733 925 881 986 contineri
903 927 1070 998 existimet,
1099 924 1244 1004 profecto

231 1025 292 1072 uon
320 1010 387 1072 aine
414 1011 523 1072 idonea
551 1029 640 1072 causa
662 1012 804 1090 ambigit,
835 1023 907 1071 num
934 1007 1003 1070 lieri
1025 1016 1133 1089 queat,
1163 1010 1245 1088 quod

232 1095 416 1174 Protagoros
436 1095 611 1178 profitetur.
654 1097 856 1176 Quamobrem
879 1111 949 1156 eum
968 1100 1067 1174 rogat,
1088 1094 1153 1186 ut
1143 1113 1245 1191 ipsum

232 1181 362 1242 edoceat
381 1181 515 1242 meliora

201 1253 214 1266 ’
316 1259 420 1344 ltaque
441 1261 640 1345 Protagoras,
660 1257 801 1344 precibus
824 1255 890 1324 eius
911 1253 1134 1337 satisfacturus,
1156 1275 1246 1326 more

232 1343 437 1430 sophistarum
458 1351 578 1429 longam
599 1348 718 1409 orditur
735 1350 916 1410 orationem
958 1347 1043 1424 Quae
1066 1366 1125 1427 quo
1147 1353 1245 1429 magis

232 1437 333 1514 capiat
360 1433 543 1514 deliniatque
571 1435 754 1496 audientium
782 1435 914 1508 errimus,
942 1433 1097 1494 exordium
1120 1433 1245 1496 ducito

231 1519 354 1580 fabulae
373 1522 546 1594 narratione
568 1521 692 1581 adrem
714 1525 907 1598 praesentem
929 1519 1002 1579 satis
1023 1519 1125 1600 lepide
1147 1539 1244 1581 exco·
1279 1357 1284 1662 ι

231 1606 353 1684 gitatae.
396 1606 495 1682 Quum
515 1613 655 1686 tempos,
676 1603 788 1684 inquit,
810 1605 959 1678 venisset,
981 1615 1042 1683 quo
1064 1603 1171 1666 ordine
1190 1605 1244 1666 fa-

231 1697 333 1752 torum
360 1693 442 1751 varia
470 1691 640 1751 animalium
666 1705 778 1770 genera
800 1705 838 1751 ex
858 1689 978 1751 telluris
1000 1692 1168 1772 gremiodn
1190 1710 1245 1751 au·

231 1775 270 1836 lis
292 1775 391 1836 lucem
418 1776 590 1854 prodirent,
619 1775 803 1837 Prometheo
832 1777 865 1836 et
885 1775 1068 1853 Epimetheo
1089 1775 1149 1836 hoc
1173 1795 1244 1836 mn·

231 1861 313 1922 neris
334 1875 352 1920 a
371 1861 431 1922 diis
452 1861 623 1923 mandatum
645 1868 710 1936 est,
738 1868 774 1922 ut
800 1861 927 1940 singulis
954 1862 1035 1922 vires
1063 1860 1245 1922 facultates·
1281 1821 1284 1920 ι

232 1962 293 2026 que
322 1963 392 2006 suas
418 1946 596 2008 tribuerent
638 1944 716 2006 Rem
746 1945 931 2007 Prometheo
959 1946 1084 2007 absente
1113 1947 1245 2026 suscipit

231 2030 451 2111 Epimetheus,
472 2039 563 2109 atque
584 2031 627 2091 ita
647 2030 863 2107 administrat,
882 2037 917 2092 ut
946 2029 1011 2091 aliis
1032 2031 1144 2106 robur,
1173 2033 1244 2092 aliis

231 2117 461 2196 pernicitatem,
485 2117 551 2178 aliis
583 2115 642 2176 alia
671 2111 831 2195 largiatur,
866 2109 1035 2195 prudenter
1060 2117 1093 2176 id
1121 2131 1245 2192 curans,

231 2219 272 2262 ue
300 2201 380 2281 quod
406 2219 503 2282 genos
530 2203 657 2262 interire
683 2209 736 2262 aut
763 2203 801 2262 ab
822 2201 888 2263 aliis
910 2201 1007 2262 deleri
1028 2201 1134 2282 possit
1178 2203 1245 2264 Sed

232 2287 323 2348 ecce!
352 2294 477 2368 peracta
504 2302 691 2348 munerum
685 2271 906 2348 distributione
928 2287 1003 2348 nihil
1000 2287 1172 2390 reliquum
1193 2289 1245 2346 vi·
1283 2281 1285 2350 ι

178 2366 182 2375 ‘
231 2371 303 2448 det,
343 2390 401 2450 quo
430 2378 526 2450 genus
559 2372 712 2438 hominum
740 2377 837 2433 ornet
885 2370 963 2432 Dum
997 2367 1085 2452 inops
1123 2363 1286 2434 consilii

64 2519 67 2526 Α
231 2456 357 2533 haeret,
385 2457 457 2537 quid
484 2451 654 2518 faciendum
682 2459 739 2531 sit,
774 2457 939 2537 improviso
966 2458 1087 2518 advenit
1114 2455 1245 2520 Prome

135 2557 143 2563 ·
231 2541 333 2602 theos.
375 2537 464 2602 Hunc
485 2557 559 2602 vero
588 2541 681 2603 sortis
702 2543 849 2603 humanae
869 2541 955 2602 ualde
977 2543 1135 2622 poenituit.
1179 2543 1245 2603 lta-

232 2645 292 2705 que
312 2645 351 2687 ue
356 2642 466 2711 genus
487 2628 640 2688 homiuum
664 2627 774 2690 nudum
797 2636 830 2688 et
858 2630 974 2688 inerme
1007 2629 1243 2706 relinqueretur,
1283 2569 1286 2718 ι

231 2713 305 2774 artis
326 2687 503 2774 facultatem
524 2730 594 2773 cum
613 2713 683 2791 igne
705 2713 841 2776 Vulcano
862 2720 895 2774 et
915 2712 1071 2774 Minervae
1090 2715 1286 2793 surripuit

231 2812 359 2900 eamque
380 2797 551 2858 bominibus
572 2797 728 2900 impertiit.
772 2799 896 2861 Verum
917 2800 1091 2859 enimvero
1113 2801 1172 2869 etsi
1195 2800 1286 2861 ιιιι

229 2883 340 2962 insigni
361 2883 418 2943 hac
439 2883 583 2945 facultate
604 2886 729 2964 egregie
750 2883 837 2944 erant
859 2886 973 2958 ornati,
1000 2877 1119 2959 tamen,
1148 2904 1242 2962 quum
1285 2897 1286 2936 l

231 2969 360 3028 ciuitatis
389 2967 572 3030 ordinandae
600 2969 873 3048 gubernandoeque
901 2975 967 3029 arte
996 2971 1160 3041 etiamtunc
1188 2989 1242 3028 cs-

223 3057 335 3124 rerent
354 3054 486 3132 ideoque
503 3053 632 3130 dispersi
646 3055 827 3127 habitarent,
848 3055 1013 3114 bestiarum
1034 3055 1162 3132 impetui
1181 3056 1241 3114 im-

230 3157 320 3218 pares
342 3139 454 3198 misere
476 3139 512 3200 ab
534 3139 571 3199 iis
593 3139 726 3200 dilaniati
744 3141 909 3220 perierunt.
952 3138 1055 3218 ltaque
1068 3141 1164 3200 mutui
1184 3160 1241 3200 ιιι-

228 3223 292 3285 xilii
313 3225 410 3302 gratia
430 3223 627 3285 condiderunt
649 3228 811 3287 societates
833 3231 923 3304 atque
943 3225 1133 3302 urbes„quo
1155 3225 1240 3285 lera-

223 3307 459 3372 rum'orcerent
479 3309 698 3370 crudelitatem.
742 3314 783 3371 At
804 3306 974 3370 ehim'haec
994 3327 1045 3370 res
1068 3311 1177 3370 nullam
1199 3313 1239 3372 ιιι

228 3393 333 3455 attulit
353 3395 488 3456 salutem.
531 3396 606 3455 Nam
628 3397 676 3456 ιιι
696 3398 842 3470 coierunt,
864 3413 955 3473 quum
974 3395 1126 3457 intestinis
1147 3395 1240 3458 bellis

229 3481 333 3541 subito
352 3481 467 3542 coortis
488 3499 593 3542 rursus
615 3482 799 3556 dissipantur
827 3497 862 3540 ac
883 3480 981 3540 denuo
1004 3483 1147 3561 pristinae
1168 3482 1239 3542 for-

228 3570 320 3626 tunae
341 3567 513 3627 crudelitati
534 3567 723 3626 obiiciuntur.
765 3564 842 3626 'l'um
864 3583 937 3626 vero
951 3565 1055 3628 lovem
1065 3569 1161 3644 tangit
1181 3585 1239 3646 ge·

228 3652 310 3712 neris
330 3651 451 3712 humaui
471 3651 686 3712 misericordia.
728 3647 776 3710 Ne
797 3651 891 3730 igitur
911 3651 1045 3714 fonditus
1061 3653 1137 3713 illud
1149 3653 1238 3712 dele·

228 3743 331 3813 retur,
353 3735 540 3798 Mercurium
569 3736 599 3794 in
621 3743 720 3796 terras
742 3737 882 3810 demisit,
895 3733 897 3736 ’
910 3737 961 3816 qui
984 3737 1060 3798 feris
1081 3737 1236 3802 hominum

227 3824 404 3902 pectoribus
432 3821 578 3881 iustitiam
610 3829 643 3881 et
671 3822 818 3899 pudorem
846 3822 994 3883 inliceret.
1044 3821 1123 3882 Hinc
1149 3841 1234 3897 veru,

226 3909 269 3968 ιιι
290 3909 392 3988 pergit
413 3904 611 3983 Protagoras,
640 3907 712 3971 hinc
734 3906 846 3968 lhctum
870 3914 935 3982 est,
963 3915 999 3968 ιιι
1019 3906 1158 3968 homiues
1180 3927 1234 3967 an-

226 4000 277 4054 tea
306 3993 437 4073 dispersi
463 3989 629 4050 conderent
655 3992 748 4052 urbes
770 3999 802 4053 et
823 3993 978 4066 civitates,
1006 3993 1160 4072 civilisque
1182 4011 1234 4053 so-

122 4095 124 4102 ’
226 4080 346 4144 cietatis
376 4076 500 4138 vinculis
532 4077 681 4138 coniuncti
702 4080 802 4139 vivere
824 4079 1002 4158 inciperent.
1045 4077 1081 4137 P.
1101 4078 1173 4138 32⁰.
1198 4079 1232 4140 G.

226 4193 268 4210 —-
288 4162 360 4224 322.
381 4161 418 4224 Ι).
459 4161 525 4222 llac
551 4168 655 4225 autem
682 4165 800 4226 ratione
828 4164 968 4243 quoniam
991 4179 1097 4224 omnes
1117 4163 1233 4244 pariter
