2584 4736
368 327 423 404 Ι[ιιι
444 313 745 396 ruouuuuun'u.
964 332 1072 404 ‚as
1195 397 1212 422 ,

44 495 147 560 modo
177 517 217 560 ne
240 517 346 564 rursus
374 499 414 563 de
435 503 616 566 carminibus
636 502 819 569 disseratur:
847 503 956 566 horum
984 503 1064 566 enlm

44 586 339 669 interpretationem
367 589 524 656 admodum
553 589 703 650 dedecere
730 575 878 652 homine.
892 590 1068 651 *liberaliter

45 650 234 748 iussim,
260 673 374 753 quippe
398 675 510 750 ingenii
537 680 628 754 atquo
643 674 833 759 eruditionis
861 693 996 755 maguam
1016 695 1066 735 ar-

47 763 203 834 guentem
224 761 389 836 penuriam.
431 760 614 840 Protagoras
634 772 754 835 autem,
768 762 936 840 aegerrime
950 760 1066 835 ferens,

48 841 137 918 quod
161 847 251 903 orites
271 843 369 906 denuo
392 851 458 906 erat
477 846 645 921 refutatus,
673 865 742 908 cum
764 865 801 906 co
823 863 915 928 porro
936 847 1067 925 colloqui
1192 911 1196 923 ‚

48 933 216 1005 gravatum
237 945 272 988 ac
293 929 395 990 multis
418 929 537 992 demum
557 932 719 994 amicorum
740 934 880 1011 precibus
893 949 932 992 eo
944 942 1067 1011 permo-

50 1018 159 1086 vetur,
181 1019 216 1075 ιιι
233 1011 278 1075 illi
300 1018 457 1093 quaerenti
477 1016 668 1096 respoudeat.
690 1017 727 1079 P.
749 1017 821 1078 dli.
833 1017 920 1080 Α.·-
932 1016 1015 1077 ΜΘ.
1030 1015 1066 1076 li.
1197 1071 1206 1092 ,

143 1096 261 1177 Dignus
283 1107 332 1162 est
353 1101 404 1163 hle
423 1101 508 1167 locus
520 1102 663 1182 diligenti
684 1102 947 1163 animadversione
990 1101 1069 1162 Nam

51 1182 159 1263 primo
190 1183 310 1262 quidem
337 1186 522 1266 adspectus
548 1187 707 1268 proposito
733 1185 853 1246 ridetur
879 1187 968 1267 plane
993 1187 1068 1247 aliea

52 1285 116 1328 nus
144 1287 236 1346 esse,
259 1289 352 1350 quum
378 1272 537 1334 inchoatae
573 1274 784 1352 disputationis
818 1272 902 1333 illum
939 1277 1070 1352 repente

54 1355 261 1434 abrumpatur
285 1361 321 1417 et
338 1356 381 1417 ad·
405 1358 462 1418 alia
493 1358 790 1422 omniasstranseatur.
832 1357 974 1419 Atesim
995 1369 1071 1418 sero

54 1440 281 1501 recordandum
305 1441 357 1504 hic
385 1451 434 1505 est
457 1441 549 1519 illud,
578 1442 617 1503 de
647 1459 705 1522 quo
742 1459 834 1522 supra
860 1443 1070 1522 exposuimusa

56 1544 120 1604 per
147 1526 320 1590 uuiversum
348 1526 499 1609 dialogum
525 1527 555 1588 id
583 1530 633 1609 agi
659 1527 799 1602 maxime,
827 1533 862 1588 ut
882 1527 1070 1607 disciplinans

58 1616 94 1670 et
126 1611 347 1675 iustitutionem
373 1615 411 1674 ad
437 1615 597 1690 virtutem,
625 1632 714 1693 quam
743 1611 903 1692 soplristae
922 1614 981 1674 sitsi
1001 1615 1071 1674 unis

58 1695 262 1772 vindicabant,
280 1717 388 1759 revera
407 1699 521 1784 nullam
541 1717 613 1762 esse
634 1697 819 1781 ostendatur.
860 1698 948 1776 Quod
969 1701 1070 1777 ipsum

60 1783 156 1842 etiam
177 1783 237 1844 lroe
256 1783 323 1845 loco
343 1791 545 1863 respectatur.
586 1785 749 1846 Enimvero
770 1801 862 1863 quum
882 1785 1003 1847 omrslno
1015 1801 1070 1845 au-
1092 1851 1096 1864 ¹

59 1869 189 1946 tiquitas
210 1870 307 1932 omnis
329 1871 497 1953 sapientiae
516 1871 649 1951 orignes
668 1869 705 1929 sd
727 1863 833 1950 poetas
856 1875 995 1948 tauquam
1016 1889 1071 1930 au-

61 1959 169 2016 ctores
190 1953 228 2015 et'
243 1962 386 2035 parentes
406 1955 556 2032 relerrets
583 1962 649 2016 tum
679 1956 772 2016 etiam
799 1953 953 2032 sophistae
970 1951 1005 2016 iu
1023 1956 1072 2014 lo-

61 2039 270 2120 terpretandis
292 2057 396 2102 eorum
417 2040 561 2123 ope'rilsus
582 2040 741 2123 plurimum
764 2058 877 2120 operae
897 2048 988 2118 atqua
1008 2008 1090 2100 suist

63 2126 108 2186 dii
129 2127 492 2208 posuissereperiuntur.
532 2127 568 2188 ld
588 2125 635 2186 de*
647 2125 814 2204 Protagora
833 2125 981 2204 imprimis
1001 2142 1075 2186 ceu·
1100 2161 1105 2172 ·
1130 2171 1131 2174 ,

64 2216 148 2286 stat,
178 2223 267 2289 quem
295 2211 542 2274 'l'hemistius
569 2211 653 2272 Orat.
683 2207 819 2270 Xlllllll.
854 2227 886 2288 p.
920 2209 995 2270 289.
1026 2207 1076 2270 ed
1176 2204 1178 2216 '

63 2295 161 2359 Hard.
183 2303 290 2359 auctor
310 2304 359 2360 est
378 2303 518 2380 poemata
538 2295 700 2358 Simonidis
720 2299 843 2378 accepta
864 2294 1010 2354 mercede
1025 2296 1078 2355 in-
1180 2359 1181 2362 ,

5 2393 6 2398 ’
65 2387 273 2461 terpretatum
299 2401 379 2449 esse.
430 2379 536 2462 ltaque
561 2379 795 2442 laudatissimum
821 2380 942 2440 uirtutis
969 2379 1077 2440 docto·
1188 2395 1200 2439 ·.
1260 2427 1262 2434 ,

66 2485 135 2529 rem
164 2467 215 2527 liic
239 2469 285 2529 its
312 2469 513 2530 disserentem
542 2468 677 2528 videmus
706 2465 817 2540 iudaei,
839 2470 873 2525 ut
892 2465 1076 2546 argutiarum

68 2551 172 2614 studio
192 2554 337 2632 abreptus
357 2554 406 2615 sel
426 2555 458 2616 in
478 2551 705 2634 interpretanda
718 2549 937 2631 simplicissima
955 2557 1089 2614 sentem.

68 2641 129 2711 tia,
152 2657 288 2718 quaeque
309 2639 349 2699 de
370 2640 491 2700 virtutis
512 2638 727 2699 exercitatione
747 2641 834 2714 agat,
856 2636 983 2696 mirifice
1005 2654 1078 2698 eoe-

70 2725 165 2785 cadat
185 2731 219 2784 et
237 2730 347 2803 poetae
368 2725 426 2785 sibi
442 2725 569 2786 maxime
589 2722 717 2785 adamati
737 2728 867 2783 mentem
896 2722 986 2804 plana
1003 2741 1079 2802 per·

70 2815 177 2870 vertat.
220 2809 288 2888 Quo
310 2811 378 2890 ipso
399 2809 606 2884 eflicitur,-ut
626 2810 693 2869 eiua
713 2807 870 2892 disciplina
881 2825 920 2867 uc
934 2809 993 2868 lroc
1011 2807 1079 2886 qni·

72 2895 142 2954 dem
165 2895 197 2955 in
226 2913 340 2974 genere
367 2896 466 2974 magni
491 2895 676 2956 aestimanda
702 2893 847 2954 videatur.
895 2891 975 2967 Quin
996 2889 1078 2972 quod
1116 2965 1119 2975 Ι
1158 2899 1159 2904 ’

73 2979 216 3060 deinceps
236 2981 422 3060 significatur
443 2981 584 3061 pauperis
605 2986 637 3040 et
659 2979 747 3057 egeni
768 2995 839 3037 esse
862 2995 900 3036 ex
920 2982 1078 3056 poetarum

73 3066 323 3145 interpretatione
345 3085 492 3144 quaerere
513 3064 699 3145 sapientiam,
720 3063 753 3123 id
773 3062 937 3123 daussime
957 3063 1079 3135 iudicat,

77 3149 220 3229 quoduam
243 3151 378 3230 pretium
396 3150 596 3231 philosophus
617 3151 675 3211 toti
695 3149 765 3209 huic
787 3149 941 3209 doctrinae
962 3154 1078 3210 statue·

76 3238 132 3310 rit,
154 3236 300 3313 siquidem
327 3237 412 3316 ipses
433 3243 539 3317 poetas
566 3236 638 3295 alias
660 3232 801 3295 iudicauit
821 3235 917 3312 magis
938 3234 1079 3313 opinione

78 3340 163 3401 quam
189 3322 316 3381 scientio
345 3327 435 3400 atque
455 3321 533 3383 recti
554 3321 725 3399 cognitione
752 3319 820 3379 duci
842 3319 951 3380 solere.
994 3320 1080 3395 Quae

5 3483 6 3486 Ἴ
79 3407 128 3485 qui
152 3406 376 3492 reputqveriut,
401 3407 441 3484 ii,
470 3422 613 3486 quorsum
632 3406 709 3469 haec
729 3405 920 3486 pertineant,
940 3406 1000 3466 ism
1019 3405 1081 3468 mi·

5 3487 7 3512 '
78 3493 156 3553 nime
177 3489 368 3556 dubitabunt.
495 3561 499 3570 ,

160 3575 337 3637 Revertitur
362 3577 483 3638 tandem
509 3575 651 3641 Socrates
681 3580 754 3658 post
783 3576 857 3637 satis
883 3573 990 3661 longas
1017 3593 1082 3636 aru-

79 3663 169 3742 bages
203 3662 242 3721 ad
275 3665 481 3741 quaestionem
514 3663 546 3724 in
581 3663 787 3742 superioribus
814 3667 991 3737 tractatam,
1026 3659 1081 3720 de-

79 3765 139 3808 nuo
158 3747 363 3827 interrogans:
391 3750 558 3811 virtutesue
574 3749 649 3809 nihil
669 3748 729 3810 uisi
754 3748 835 3808 varia
856 3748 973 3809 nomina
994 3747 1082 3806 arrius

81 3831 273 3912 eiusdemque
294 3835 342 3893 rei
363 3851 434 3894 esse
453 3834 633 3902 videanturi
673 3832 854 3912 Respondet
874 3832 927 3892 ille
939 3831 1083 3892 iustitiam

34 3981 38 3994 ,
83 3919 210 3996 quidem,
232 3919 432 3993 sanctitatem,
453 3919 642 3998 prudentiam
663 3926 696 3979 et
717 3919 893 3998 sapientiam
912 3927 984 3976 esse
1003 3917 1084 3976 inter

82 4023 117 4064 se
138 4003 303 4064 simillimas
325 4035 364 4050 -
387 4004 442 4066 has
464 4006 542 4065 enim
563 4004 690 4066 virtutes
712 4002 854 4065 Socrates
869 4007 958 4061 autea
979 4007 1085 4061 osteu-

83 4089 153 4149 dere
182 4094 306 4150 eonatus
339 4101 405 4150 erat
425 4107 517 4149 uuum
535 4088 676 4174 idemque
697 4107 828 4150 esse-
849 4084 904 4149 sed
925 4086 1108 4166 plurimum

83 4175 120 4246 ab
139 4174 187 4238 nis
207 4172 649 4266 dililsrrefortitudiaama
670 4188 885 4255 saepenumero
907 4173 986 4234 euim
1008 4170 1087 4234 acci-
