2594 4734
227 279 272 342 so
305 286 319 351 ῃ
483 237 515 335 ’.
618 274 869 342 acaronis

153 491 156 506 ‹
261 473 262 478 ’
304 447 388 548 Cup.
413 444 479 519 XI.
517 437 590 544 Ἦν
613 416 679 540 γάρ
703 474 790 530 ποτε,
807 441 947 539 podice,
979 443 1036 518 ὅτε
1069 452 1153 520 θεοὶ
1176 453 1240 538 μὲν

171 561 200 628 n
225 543 332 642 ἦσαν,
358 547 475 636 θνητὰ
501 553 536 620 ot
560 555 637 640 γένη
662 549 723 620 οὐκ
746 540 800 634 ἦν.
824 544 936 634 ἐπειδὴ
960 551 996 620 δὲ
1023 553 1081 622 καὶ
1103 547 1241 632 τούτοις
1284 599 1290 608 -

108 801 111 808 “
208 777 214 786 ’
293 783 423 854 θορΧΙ.
456 782 489 834 D.
523 774 1239 854 xpo'so'rriioaartpopp.ysalFrustrchin-

222 955 293 1008 δοκεῖ
320 956 488 1021 χαροίστερον
514 949 583 1002 εἶναι
610 954 704 1019 μῦθον
753 951 871 1004 omnibus
893 967 953 1004 esse
974 968 1145 1006 communem·
1182 953 1238 1008 lta-

170 1066 176 1070 .
221 1027 310 1092 λέρειν.
345 1025 403 1078 Qua
425 1023 450 1072 in
473 1035 502 1072 re
524 1035 619 1085 operae
643 1035 704 1085 pre-
753 1035 805 1085 que
824 1021 881 1092 lieri
906 1024 1006 1084 solare,
1031 1028 1074 1084 ut,
1099 1036 1179 1087 quum
1203 1021 1237 1074 de

222 1096 287 1148 tium
310 1099 351 1146 est
368 1087 585 1152 animadvertere,
607 1092 704 1152 quanta
752 1089 973 1156 artibus-publice
991 1091 1147 1155 suscipiatur
1169 1091 1237 1143 deli·
1289 1133 1290 1146 r

222 1181 282 1216 cunr
300 1161 401 1236 lipcntia
414 1163 531 1210 versatus
542 1157 583 1210 sit.
612 1157 704 1210 Quan-
752 1158 866 1222 beratio,
884 1160 976 1210 artium
1000 1159 1076 1224 periti
1095 1162 1236 1212 consulan-

222 1247 299 1298 quam
330 1231 397 1280 euim
425 1233 485 1278 tota
508 1223 570 1275 baec
589 1225 703 1275 narratio
752 1231 810 1288 tur3
828 1241 908 1290 quum
924 1242 986 1278 vcro
1005 1227 1037 1277 de
1056 1242 1085 1278 ra
1102 1229 1189 1292 aliqua
1202 1227 1235 1280 ad

223 1299 368 1366 composita
387 1301 428 1347 est
445 1294 476 1344 ad
487 1292 652 1344 imitationem
663 1291 704 1343 la·
753 1292 862 1346 civitatis
885 1294 1129 1348 administrationem
1151 1298 1236 1364 perti-
1289 1295 1290 1298 ’

109 1367 115 1376 '
221 1371 298 1422 bulne
316 1365 465 1418 Hesiorleae
491 1361 523 1412 do
545 1359 702 1414 Prometheo
751 1367 828 1414 naute
845 1368 948 1428 agatur,
966 1363 1084 1416 omuibus
1104 1364 1236 1416 conceda-

222 1444 250 1489 at
257 1435 377 1486 Pandora
392 1431 527 1495 Tlreogon.
536 1445 561 1495 p.
575 1434 624 1479 ⁶85
635 1443 702 1494 sqq„
750 1435 795 1482 tur
811 1429 912 1482 dicendi
926 1437 1050 1499 potestas.
1085 1433 1135 1485 His
1148 1434 1236 1485 omni·

220 1511 309 1557 tamen
327 1502 377 1553 dici
395 1515 446 1551 non
462 1504 562 1564 potest,
579 1504 702 1563 quantum
751 1500 800 1550 bus
808 1499 879 1551 addit
891 1498 984 1554 deiude
993 1507 1143 1566 argumenta
1151 1517 1235 1566 quae-

221 1575 249 1627 in
274 1571 379 1638 singulis
401 1568 516 1635 partibus
546 1566 578 1617 ab
610 1566 702 1618 eadem
752 1567 826 1632 darn,
850 1583 884 1620 ex
900 1569 993 1634 quibus
1010 1575 1134 1636 appareat
1148 1569 1234 1623 Atine-

221 1641 334 1694 recedat.
368 1639 409 1691 De
424 1640 638 1702 quoargumento
654 1651 702 1700 pe-
750 1636 852 1688 uicuses
876 1651 979 1702 quoque
1002 1638 1027 1690 iu
1045 1655 1077 1690 ca
1094 1653 1152 1690 essa
1170 1653 1234 1691 sen-

222 1711 346 1762 culiurern
379 1705 481 1772 scripsit
504 1703 701 1754 commentatio-
750 1705 844 1769 tantia,
869 1711 899 1756 ut
919 1706 1040 1758 virtutem
1064 1705 1184 1769 doctriua
1206 1713 1234 1759 et
1288 1659 1290 1774 4

219 1794 280 1832 nem
298 1771 701 1839 Arnold.Elrker=Speci-
746 1771 909 1826 institutione
930 1775 1113 1841 pararlposse
1139 1776 1232 1828 existi·
1286 1809 1290 1820 -

210 1861 291 1900 onon
318 1847 348 1897 in
378 1843 583 1906 Protagorae
616 1837 699 1906 apud
749 1846 828 1892 ment
862 1841 979 1907 Denique
994 1844 1232 1912 explicarestudet,
1289 1845 1290 1930 l

219 1915 394 1968 Platonem
432 1910 624 1962 Fabulam
660 1906 700 1959 de
748 1906 817 1960 unde
838 1909 897 1974 fiat,
919 1916 949 1962 ut
968 1912 1168 1964 clarissimorum
1193 1913 1233 1964 vi-

218 1980 428 2036 Prometbeo.
448 1976 561 2030 Traiecti
572 1976 605 2028 ad
613 1975 699 2027 ltlren.
747 1992 836 2029 rorum
858 1977 902 2030 filii
927 1979 987 2032 mall
1012 1980 1123 2033 evadere
1144 1996 1233 2046 nequa

219 2056 296 2104 1822.
314 2057 338 2103 8.
370 2049 494 2102 Nimirum
509 2043 650 2112 philosophi
666 2043 699 2095 il-
716 2056 725 2083 ⁶
747 2051 883 2112 parentum
897 2046 1005 2100 virtutes
1016 2050 1138 2100 aemulari
1154 2050 1233 2102 vide-

218 2122 268 2174 lius
291 2120 387 2172 aetatis
407 2115 456 2169 boc
474 2116 522 2167 sibi
539 2117 696 2176 sumserunt,
746 2119 831 2166 antur.
865 2114 987 2168 ceterum
1006 2122 1120 2168 attentos
1144 2119 1232 2170 lecto-

202 2195 248 2241 'ut
264 2188 377 2252 fabulas,
402 2187 434 2239 ab
452 2183 600 2249 antiquitate
616 2180 697 2232 tradi-
746 2197 790 2234 res
817 2197 869 2234 uon
893 2183 978 2249 fugiat
999 2179 1155 2250 orationem,
1178 2202 1231 2252 qua

217 2263 274 2322 tas,
296 2257 331 2309 ad
350 2271 428 2308 *sunm
449 2269 505 2306 rem
529 2247 697 2302 transferrent
745 2250 907 2317 Protagorae
915 2252 1000 2304 sabula
1009 2253 1154 2319 exponitur,
1162 2271 1231 2322 prae

145 2343 148 2352 ’
215 2331 244 2378 et
274 2342 322 2392 pro
348 2324 452 2376 consilio
482 2335 530 2371 suo
558 2323 696 2382 mutarent,
746 2335 776 2372 se
792 2319 860 2372 farre
872 2321 985 2387 speciem
997 2323 1161 2387 coloremque
1170 2326 1230 2390 pla·

154 2436 159 2442 .
214 2395 384 2458 exornarent,
410 2393 579 2450 illustrarent,
603 2401 695 2451 quem·
744 2401 779 2440 ne
815 2390 954 2456 poeticum.
1000 2389 1230 2446 Quemadmodum

214 2463 355 2515 admodum
380 2466 471 2528 poetas
489 2456 604 2508 scenicos
622 2454 696 2505 novi·
746 2455 814 2508 enim
842 2457 869 2508 in
896 2459 951 2510 aliis
978 2458 1065 2523 libris,
1097 2460 1178 2511 veluti
1202 2461 1228 2512 iu

213 2547 272 2584 snus
285 2531 391 2586 easdem
401 2544 449 2594 pro
459 2525 621 2578 consiliorum
632 2537 694 2573 suo-
745 2524 897 2591 Symposio,
923 2526 966 2592 qui
992 2529 1128 2592 loquentes
1150 2529 1228 2580 indu.

213 2615 270 2652 runr
294 2603 418 2652 r'arietate
440 2595 510 2645 varie
532 2599 649 2643 mutasse
666 2596 694 2642 et
745 2600 846 2660 cuntur,
864 2597 901 2648 ita
909 2597 988 2648 verba
999 2596 1103 2660 facium,
1120 2602 1150 2648 ut
1162 2613 1228 2662 pro-

212 2669 324 2722 adrem
351 2668 515 2734 praesentem
543 2675 693 2712 accommo-
745 2664 802 2729 prio
829 2671 908 2732 atque
933 2679 982 2716 suo
1004 2664 1105 2716 dicendi
1127 2679 1228 2731 genere

213 2737 298 2790 dasse.
342 2735 378 2786 Et
399 2733 560 2795 Protagorae
587 2729 693 2794 quidem
743 2737 862 2798 utantur,
883 2733 920 2785 sio
936 2747 1003 2784 nunc
1018 2748 1120 2798 quoque
1138 2733 1228 2799 sophi-

212 2807 372 2875 propositum
390 2801 439 2854 boc
457 2805 512 2862 est,
529 2804 558 2849 ut
573 2798 693 2849 virtutem
743 2800 1036 2866 staitasermonioatur,
1054 2807 1084 2860 ut
1100 2817 1148 2867 pro
1165 2818 1227 2854 rno-

213 2876 331 2926 dootrina
362 2887 440 2938 posse
471 2867 616 2934 comparari
644 2865 692 2917 hac
743 2883 773 2920 re
797 2884 846 2922 suo
869 2869 1029 2936 splendidam
1053 2876 1129 2935 atque
1146 2887 1226 2937 gran.

212 2944 357 2996 narratione
379 2937 518 2991 verisimile
536 2937 628 2986 reddat
647 2950 693 2986 ce·
743 2935 805 2990 dem
829 2944 943 2992 sectetur
970 2938 1122 2991 orationem.
1164 2939 1225 2994 Inro

212 3018 333 3074 terrasque
368 3007 483 3061 Socratis
521 3004 692 3056 dubitationes
740 3011 797 3057 tota
814 3005 877 3060 haec
895 3007 981 3059 fabula
994 3007 1104 3073 repetita
1120 3007 1225 3060 videtur

211 3084 338 3132 amoveat.
375 3079 461 3131 Quum
482 3075 548 3126 enim
569 3072 691 3126 Socrates
741 3088 775 3126 ex
792 3074 858 3127 libro
875 3075 1051 3141 Protagorae,
1072 3075 1116 3140 qui
1130 3076 1224 3130 inscri-

211 3147 319 3200 dixisset
336 3147 457 3198 virtutem
479 3143 525 3195 sibi
542 3157 593 3194 non
609 3139 691 3192 videri
739 3147 800 3207 ptus
815 3141 873 3204 ¹i'uit
896 3144 937 3195 Hs
955 3143 965 3192 i
982 3149 1030 3208 τῆς
1046 3145 1072 3192 dv
1087 3142 1155 3213 ἀρχῇ
1173 3163 1224 3196 κα.
1288 3195 1289 3212 ¹

8 3229 11 3238 ’
164 3267 166 3272 ,
210 3217 328 3268 doctrina
362 3215 517 3267 ullomodo
546 3208 690 3276 comparari
739 3207 894 3272 ταστάσεως.
934 3163 1171 3277 δοοηριιοογριιίἀ
1196 3215 1223 3267 iu
1288 3213 1289 3237 l

209 3300 305 3353 posse,
332 3285 494 3352 Protagoras
517 3278 543 3332 id
566 3281 634 3346 agit,
660 3281 691 3327 ut
739 3293 771 3330 ea
788 3278 927 3338 imitatione
940 3295 1095 3348 cupressum
1108 3281 1151 3346 sit,
1169 3297 1223 3342 nou

45 3411 48 3419 A
209 3355 304 3406 doceat
332 3369 412 3419 genus
438 3353 576 3405 humanum
601 3346 688 3411 utique
739 3348 803 3398 satis
820 3355 892 3401 certo
903 3350 996 3415 ubique
1008 3347 1104 3403 definiri
1121 3356 1222 3416 potest,

106 3463 110 3470 .
208 3421 341 3490 paullatim
352 3427 454 3474 tantum
470 3422 503 3474 ad
520 3423 590 3473 ritae
607 3415 687 3466 civilis
736 3430 815 3480 quoru
833 3417 865 3470 da
878 3417 1038 3483 Protagorae
1054 3417 1156 3470 dicendi
1171 3435 1223 3486 ge-

207 3492 304 3544 cultum
321 3490 553 3556 humanitatemque
564 3498 688 3552 progres-
736 3499 799 3536 nara
816 3485 873 3537 nihil
892 3487 1032 3538 memoriae
1042 3485 1165 3539 traditum
1176 3489 1220 3540 sit.
1286 3547 1288 3560 ⁴

124 3607 126 3618 .
207 3575 267 3611 sum
285 3575 356 3626 esse,
374 3566 551 3612 verumtamen
568 3553 686 3604 omnihus
736 3552 931 3608 Philostrat
965 3554 1017 3608 vu.
1051 3553 1166 3621 Sophist.
1196 3557 1219 3610 1.

150 3645 154 3661 ι
206 3635 297 3681 natum
321 3631 405 3682 inem
432 3642 536 3682 gensum
558 3620 686 3687 quendam
735 3625 803 3674 ent:
827 3622 905 3690 γνοὺς
925 3623 953 3675 tl
969 3622 1017 3674 τὸν
1033 3623 1220 3694 Πρωταγόραν

205 3698 269 3750 impp
293 3704 320 3750 et
341 3697 458 3761 ponenti,
487 3694 531 3760 qui
553 3689 687 3756 disciplina
735 3688 751 3741 ὁ
775 3690 887 3743 Πλάτων
908 3697 1003 3760 σεμνῶς
1026 3695 1072 3758 μὲν
1089 3693 1218 3760 ἱρμηνεύ·

206 3773 235 3819 et
246 3767 405 3818 institutione
414 3765 496 3833 possit
506 3757 621 3822 excitari,
639 3773 687 3810 au-
737 3776 813 3828 οντα,
836 3759 997 3824 barsilona
1017 3760 1045 3812 δὲ
1067 3767 1100 3826 τῇ
1122 3761 1218 3829 σεμνό-

204 3840 277 3906 geri,
311 3834 482 3888 corroborari.
526 3831 563 3882 Et
592 3827 687 3879 artium
735 3847 795 3894 repre
816 3832 861 3880 aul
884 3849 934 3882 noo
955 3830 999 3881 καὶ
1019 3829 1217 3898 μακρολογώτε.
1287 3867 1288 3870 ,

204 3907 309 3974 quidem
328 3905 361 3956 ad
378 3904 446 3953 vitae
458 3902 555 3951 cultum
564 3907 686 3948 necessa-
734 3915 781 3967 ρον
801 3903 850 3953 τοῦ
877 3905 1040 3968 συμμέιροο,
1067 3897 1116 3962 τὴν
1144 3901 1217 3952 ἰδέαν
1287 3933 1288 3936 =

204 3979 302 4030 riarum
313 3972 483 4036 cognitionem
497 3974 524 4021 et
533 3967 685 4020 facultatem
733 3966 819 4020 αὐτοῦ
842 3967 925 4035 μύθῳ
953 3973 1042 4036 μακρῷ
1069 3968 1216 4035 ἕχαρακτῆ.

203 4061 256 4098 non
281 4042 400 4094 omnibns
418 4055 434 4090 a
450 4044 541 4090 natura
559 4051 617 4089 essa
637 4033 685 4084 tri-
732 4055 809 4106 ριοεν.
844 4037 933 4090 Rideri
943 4052 1004 4088 vero
1014 4035 1061 4088 lrac
1071 4037 1215 4091 imitatione
1287 4055 1288 4094 1

202 4115 307 4174 butam,
328 4109 375 4160 sed
393 4108 449 4160 aliis
468 4108 543 4159 aliam
560 4105 684 4170 contigis—
733 4105 863 4172 sophistae
879 4113 960 4158 artem
971 4112 1077 4171 apparet
1094 4108 1213 4158 luculen-
1287 4097 1288 4155 l

205 4197 252 4246 ser
268 4179 328 4234 iusti
346 4193 408 4234 vero
424 4175 683 4236 cohonestatum
732 4175 831 4234 tissime
855 4190 888 4232 ex
904 4175 948 4266 illa
964 4173 1077 4242 ratione,
1103 4189 1156 4242 qun
1171 4174 1212 4230 la-
