2584 4736
187 265 191 279 '
239 293 281 356 ιι
576 275 877 369 ἰιιιζιιιιο
918 305 921 313 “
968 327 969 330 ¹

239 421 301 527 stat
326 465 407 530 inter
427 461 598 528 Socraticos
628 474 661 532 et
681 467 834 548 sophistas
855 465 1078 542 stodioaissime
1099 465 1248 544 agitatam

239 569 309 613 esse
329 546 378 630 i),
405 567 466 614 aaa
497 559 619 633 poterat
645 552 727 614 atiud
755 553 826 633 qaid
855 573 892 614 er
919 555 968 614 bis
989 552 1249 632 disputationibus

239 638 401 716 consequi,
431 655 520 718 quam
545 643 581 698 ιιι
608 639 764 700 eratione
786 639 1003 720 sophistarum,
1032 637 1146 722 quippe
1167 655 1249 715 qno-

97 739 102 750 ·
208 765 213 780 .
238 740 306 782 rum
326 728 392 783 tota
411 723 508 793 virtus
528 727 615 784 certo
635 731 755 786 careret
775 724 984 798 fundamento,
1005 721 1165 784 admodum
1186 721 1250 780 du-

186 826 190 834 ’
239 807 309 868 biua
327 813 363 868 et
381 809 515 870 incertus
534 808 688 873 rideretur
709 811 806 872 omnis
826 811 865 872 ad
883 811 1025 871 virtutem
1046 807 1251 871 institutionis

240 891 378 968 inactum
404 911 494 971 quum
522 893 656 954 Socratis
687 895 854 970 sententia,
881 895 933 974 qui
957 896 1102 956 virtutem
1123 911 1251 953 omnem

239 995 258 1038 a
288 975 360 1038 bord
387 979 558 1057 cognitione
585 979 739 1059 officiique
759 982 956 1062 persuasione
974 978 1151 1060 repetebat,
1183 979 1251 1038 uti-
1274 982 1275 1022 t

241 1081 300 1140 que
323 1063 393 1124 iieri
412 1061 536 1138 liceret,
563 1071 598 1126 ιιι
622 1066 776 1129 rimandis·
793 1067 1036 1148 explicandisque
1057 1065 1168 1130 mentis
1189 1081 1250 1122 uo-
1274 1095 1275 1154 p

215 1189 216 1192 κ
239 1147 373 1210 donibus
400 1148 438 1209 ad
466 1149 586 1212 virtutis
607 1154 805 1214 constantiam
833 1158 865 1212 et
885 1151 1059 1212 firmitatem
1080 1148 1250 1209 adducere-

241 1251 319 1296 mur.
359 1233 466 1295 Tertia
493 1237 709 1297 sententiosum
736 1236 893 1298 diversitas
923 1237 1056 1316 pertinet
1083 1233 1121 1294 ad
1142 1234 1250 1312 singu-

240 1318 338 1379 larauu
357 1320 502 1380 victutum
523 1321 775 1384 necessitudinem
796 1323 1093 1383 etconinnctiouem.
1136 1318 1256 1380 Socra-·

240 1411 291 1464 tes
319 1403 414 1477 enim,
442 1421 535 1482 quum
560 1406 619 1466 viru
641 1412 674 1466 et
694 1415 830 1469 naturam
856 1407 975 1468 virtutis
997 1423 1115 1468 omnem
1136 1405 1169 1466 in
1189 1423 1251 1464 uns

241 1487 368 1550 scientie
394 1489 523 1550 maxime
550 1493 699 1555 contineri
725 1494 783 1556 sibi
804 1493 1025 1574 persuasisset,
1052 1490 1131 1552 banc
1151 1491 1252 1571 ipsam

242 1571 282 1632 ob
305 1592 424 1635 caarsam
446 1575 536 1658 etitm
550 1577 694 1641 virtutem
713 1597 832 1642 omnem
852 1580 883 1640 in
904 1597 939 1638 se
959 1596 1047 1639 unam
1068 1582 1253 1654 essentque
1275 1631 1276 1638 ,

241 1659 408 1738 simplicem
429 1661 602 1724 rectissimo
621 1663 733 1726 iudicio
754 1665 869 1730 statuit.
912 1663 1086 1741 Quanquam
1098 1661 1152 1722 iile
1172 1679 1253 1720 neu-

242 1745 357 1822 tiquam
386 1745 509 1807 snstulit
542 1749 726 1826 singularum
760 1751 903 1810 virtutum
942 1747 1132 1821 discrimina,
1169 1763 1249 1826 quas

242 1836 383 1910 tanquam
404 1832 541 1893 diuersos
562 1835 649 1894 canius
671 1835 744 1896 auiis
765 1836 868 1896 radios
883 1833 1016 1912 spectari
1037 1838 1181 1913 oportere
1202 1832 1252 1892 iu-
1275 1839 1276 1914 i

242 1913 373 1978 dicabat.
416 1915 461 1978 its
481 1917 574 1996 igitur
594 1919 738 1982 taciliime
751 1921 919 2001 perspexit,
941 1937 1019 2001 qnae
1039 1924 1123 1978 esset
1145 1935 1253 1979 earnm

241 2001 412 2065 coniunctio
439 2020 474 2061 ac
499 2005 704 2067 necessitudo.
746 2005 826 2083 Quid
861 2021 934 2066 vero
963 2001 1153 2082 Sophistaei
1193 2001 1251 2061 Ni-

242 2087 352 2146 mirum
372 2086 415 2162 ht,
435 2105 525 2165 quum
544 2092 722 2152 canaescet
744 2097 776 2152 et
796 2107 869 2150 vero
885 2091 975 2149 etiam
991 2088 1139 2149 instabilia
1161 2105 1253 2171 quam

127 2246 131 2256 Ι
241 2169 390 2234 docebant
412 2191 515 2233 rerum
540 2175 590 2236 vel
611 2177 729 2240 utilium
751 2176 801 2237 vei
821 2174 1014 2236 iucundorum
1035 2174 1254 2235 nanciscenda-

241 2276 309 2318 rnm
345 2259 423 2318 ratio
457 2277 493 2318 sc
520 2261 664 2338 scientia,
697 2261 837 2344 profecto
866 2277 923 2320 nec
952 2263 1070 2320 certans
1098 2259 1254 2326 habebant

241 2341 480 2415 fundamentum,
497 2362 563 2419 quo
583 2347 725 2408 virtutem
746 2349 834 2408 istam
858 2365 942 2406 suam
961 2345 1048 2406 inniti
1069 2344 1255 2405 arbitraren-

243 2435 303 2488 tur.
351 2427 553 2504 Quamobrem
588 2430 647 2490 hac
674 2431 705 2492 in
733 2450 769 2492 re
797 2432 909 2491 misere
937 2445 1057 2517 semper
1085 2429 1254 2494 fluctuabat

245 2529 350 2573 eorum
379 2513 531 2576 iudicium.
581 2513 698 2592 Quodsi
726 2517 807 2578 enim
835 2515 874 2574 de
897 2513 1085 2592 singularum
1105 2515 1254 2576 virtutum

242 2597 507 2678 interrogabantur
528 2599 736 2662 coniunctione
764 2621 799 2661 ec
820 2599 1058 2673 necessitudine,
1079 2619 1169 2678 quum
1190 2618 1254 2660 non

244 2699 332 2743 anam
358 2689 411 2743 ant
435 2683 654 2746 'immutabilem
691 2689 839 2748 sentirent
867 2705 935 2746 esse
962 2685 1114 2750 venandae
1144 2703 1254 2746 conse·

245 2767 442 2848 quendaeqne
463 2769 603 2832 utilitatis
625 2772 674 2832 vel
694 2772 887 2838 iucunditatis
908 2771 1066 2844 rationem,
1087 2788 1145 2830 nec
1166 2788 1255 2830 cona·
1276 2799 1277 2846 q

245 2871 336 2915 mune
362 2855 555 2935 reperiebant
580 2858 747 2933 vitrculum,
776 2875 835 2936 quo
864 2875 968 2922 omnes
990 2856 1071 2915 inter
1096 2873 1132 2914 se
1153 2851 1277 2916 conti-³

244 2946 399 3015 narentur,
421 2959 478 3002 uec
498 2947 598 3002 tamen
619 2963 733 3024 negare
754 2947 897 3024 poteraut
912 2942 1040 3001 virtutes
1055 2958 1159 3002 omnes
1172 2943 1256 3002 iuter

245 3043 329 3104 psas
353 3027 465 3088 arctius
494 3027 668 3092 cohaerere.
711 3029 861 3104 Quocirca
887 3027 1004 3087 consilii
1032 3026 1140 3104 inopes
1162 3027 1254 3086 modo

246 3108 379 3188 anundus
401 3110 640 3194 distinguebant,
662 3113 752 3173 modo
775 3113 893 3175 sublato
915 3111 995 3170 omni
1017 3128 1121 3171 earum
1142 3111 1256 3176 discri-

188 3215 190 3226 ’
245 3198 327 3260 mine
359 3213 447 3258 unam
483 3199 690 3262 tautummodo
724 3217 794 3261 esse
831 3199 957 3258 aiebant.
1013 3194 1098 3270 Quae
1130 3199 1253 3276 quidem

247 3281 396 3359 opinionis
427 3281 582 3344 flarotnatio
605 3291 637 3345 et
657 3285 857 3346 inconstantia
877 3280 1047 3360 certissimo
1069 3300 1141 3342 sane
1163 3303 1255 3361 argua-

247 3373 351 3428 mento
379 3364 440 3427 fuit
473 3383 527 3430 eos
556 3371 677 3450 penitus
703 3371 859 3450 ignorare,
889 3367 1027 3445 quidnam
1057 3367 1132 3428 illud
1145 3375 1255 3444 esset,

247 3454 279 3514 in
300 3467 360 3530 qno
381 3469 452 3514 vera
472 3453 593 3516 virtutis
615 3461 658 3517 sis
682 3463 715 3514 et
736 3462 840 3514 tratura
861 3459 1048 3515 cerneretur.

333 3535 394 3598 Sed
415 3538 492 3600 baec
520 3546 611 3618 atque
642 3540 699 3600 alia
730 3539 824 3600 muita
859 3553 949 3614 quum
984 3540 1112 3614 possent
1147 3553 1255 3595 uuum-

247 3640 399 3702 qnemqne
420 3619 494 3685 satis
516 3624 664 3699 edocere,
695 3626 796 3704 quanti
818 3623 956 3684 faciendo
976 3629 1061 3684 esset
1081 3621 1140 3680 ista
1160 3621 1255 3681 virtu-

249 3708 289 3770 tis
319 3708 491 3794 disciplina,
517 3717 618 3776 nmen
648 3711 709 3774 dict
739 3727 800 3778 ιιοιι
829 3713 936 3794 potest
968 3723 1057 3790 quam
1084 3704 1197 3776 mtdtos
1219 3722 1256 3767 eo

284 4010 308 4079 ⁸)
326 4011 357 4064 v.
375 4004 528 4078 scripsero.
551 4029 576 4078 p.
594 4016 653 4063 ιιι.
671 4012 703 4064 n.
721 4039 756 4053 .-
774 4015 833 4064 ara.
851 4015 884 4067 Β.
909 4017 968 4064 ιιι.
990 4011 1020 4064 c.
1047 4009 1127 4076 Gorg.
1150 4024 1174 4075 p.
1197 3987 1254 4058 ιἰι.

334 4080 459 4200 1(lr'pmipipa.
482 4095 508 4147 p.
530 4084 571 4132 tt.
596 4082 629 4132 Α.
647 4083 686 4144 al.
711 4082 824 4149 etsist,
849 4083 883 4138 ad
907 4096 972 4149 quoa
994 4079 1074 4133 libros
1092 4077 1254 4172 r.'d’roiegg.
