2584 4736
804 296 807 306 ¹
932 293 950 328 δ

250 332 252 335 ·
369 331 429 398 ιιι
446 319 771 422 rauracorum
918 327 920 333 “
1018 339 1061 408 aa

43 504 243 568 institisset
266 504 392 584 pudoris
414 507 579 588 participes
600 503 676 569 iacti
698 513 787 582 suat,
814 507 980 572 mirandum
1000 529 1061 572 nou
1124 543 1126 555 ·

45 598 118 666 est,
148 591 289 670 quadiu
318 591 504 671 publicarum
534 612 636 656 rerum
666 593 931 656 deliberationibus
967 596 1061 658 cuivis

43 678 222 738 sententiae
253 694 327 738 suae
355 675 476 757 publice
504 677 649 744 dicendae
682 685 821 758 potestas
848 681 947 744 detur.
998 681 1061 744 Sed

45 783 142 842 quum
172 782 278 824 omues
306 763 443 824 iustitiae
472 770 505 830 et
533 764 657 854 pudoris
678 765 982 841 mfflrerefruantur,
1011 775 1061 828 ta·
1139 830 1144 840 ,

43 867 121 908 men
148 847 288 910 homines
316 849 464 927 virtum
487 866 549 910 non
575 867 647 912 casu
668 856 701 910 et
722 850 843 911 fortuna
864 851 921 910 sibi
942 855 1060 916 contin·-

43 953 144 1013 gere,
171 935 229 996 sed
255 934 463 1009 institutione,
492 935 667 1017 disciplina,
695 921 910 996 exeret-Totiens
938 956 1061 1017 compo-

43 1020 175 1080 randam
203 1039 272 1081 esse
299 1019 504 1094 arbitrantur,
533 1028 570 1082 ut
596 1021 684 1100 plane
715 1041 835 1082 mecum
863 1024 1060 1087 consentiant

43 1105 174 1166 Etenim
195 1106 248 1184 qni
267 1109 392 1172 naturae
413 1104 532 1186 culpa
521 1123 554 1167 ιιι
572 1123 608 1166 se
629 1105 722 1168 habet
742 1107 969 1184 turpitudinem,
991 1127 1060 1170 eum

43 1191 276 1252 tantum-abest
305 1196 340 1251 nt
361 1191 503 1269 puniant,
530 1196 565 1251 ut
592 1209 695 1250 omnes
717 1193 785 1252 talis
808 1192 949 1258 furtunae
969 1194 1060 1254 mise·

43 1283 137 1351 reatr
164 1277 191 1338 si
217 1277 284 1355 quis
310 1281 412 1337 nutem
438 1276 518 1336 vitiis
544 1275 680 1351 laborat,
713 1296 789 1354 quac
809 1297 827 1347 a
848 1278 987 1338 socordia
1008 1284 1079 1340 aut·

44 1362 158 1422 inertia
180 1359 429 1438 proficiscuntur,
463 1377 531 1422 eum
552 1377 626 1422 vero
648 1363 795 1440 castigant
821 1381 856 1421 rc
876 1363 1060 1440 grauissimis

45 1448 161 1526 poenis
180 1447 335 1521 afficiunt,
357 1446 448 1525 idque
469 1466 529 1508 nun
550 1448 609 1510 alic
630 1449 772 1521 consilio,
799 1447 855 1510 nisi
877 1456 911 1508 ut
932 1448 1061 1511 malefici

45 1532 86 1595 ad
110 1535 218 1594 bonam
239 1531 360 1611 frugem
381 1539 581 1609 revocentur,
609 1535 706 1595 ceteri
727 1539 826 1594 atatem
848 1533 988 1598 devitiis
1011 1533 1060 1593 fu·

45 1619 169 1698 giendis
190 1619 415 1689 admoneantur.
456 1617 563 1696 Neque
583 1618 676 1692 illud,
700 1621 786 1698 quod
807 1617 936 1678 delitiis
957 1618 1060 1679 clara-

45 1723 118 1765 rnm
145 1709 180 1763 et
207 1703 422 1766 excellentium
447 1705 578 1765 virorum
600 1705 713 1765 dictum
736 1709 798 1778 est,
819 1703 882 1764 ullo
903 1704 997 1772 mode
1015 1705 1060 1764 vi-

45 1790 142 1850 detur
169 1791 379 1850 demonstrare
407 1789 549 1850 uirtutem
577 1789 681 1851 doceri
708 1807 769 1850 nen
792 1808 895 1868 posse.
937 1789 1060 1855 Etenim

45 1876 201 1936 communi
221 1875 374 1938 hominnm
389 1875 589 1936 consessione
604 1875 730 1948 iustitia,
749 1875 962 1953 temperantia,
983 1875 1081 1942 eliae
1153 1913 1159 1924 ·

5 1989 6 1992 ¹
44 1961 198 2032 uirtutes,
226 1959 364 2020 omnibus
385 1961 499 2021 civibus
519 1966 583 2035 tam
601 1961 792 2031 necessariae
812 1960 996 2034 itrdictntur,
1024 1966 1060 2022 ut

46 2047 117 2106 siue
154 2046 193 2106 iis
226 2045 401 2125 respublica
438 2051 523 2106 stare
556 2063 650 2125 pesae
683 2046 767 2115 nullo
795 2052 886 2125 paeto
913 2046 1059 2114 videatur,

46 2131 199 2208 Quocirca
226 2132 364 2191 universa
392 2130 549 2204 educatio,
579 2150 670 2210 quum
698 2132 815 2210 privata
842 2136 907 2192 tum
928 2131 1060 2210 publica,

47 2235 88 2277 eo
101 2221 251 2297 aspectat,¹
268 2222 303 2277 ut
324 2216 465 2290 iuvenes,
488 2223 629 2293 quantum
651 2217 719 2275 lieri
738 2216 854 2296 possit,
878 2214 917 2273 ad
937 2215 1059 2278 virtutis

50 2303 299 2363 exercitationem
328 2297 566 2362 conformentur
613 2299 721 2378 Neque
749 2300 853 2365 dicere
878 2306 965 2368 recte
986 2301 1060 2364 licet
1184 2295 1189 2300 ’

47 2388 109 2448 bac
135 2389 254 2449 r'atiuue
277 2385 353 2448 nibil
379 2385 516 2464 profici·
544 2385 608 2446 lmo
635 2403 707 2446 vero
736 2403 842 2450 omnes
869 2385 1058 2464 aliquatenus

48 2478 136 2533 certe
157 2472 194 2532 ad
214 2473 335 2539 virtutis
366 2472 513 2534 rationem
536 2470 772 2548 facultatemque
792 2471 998 2546 adducuntur,
1025 2470 1058 2532 id

49 2556 132 2635 quod
152 2558 295 2638 cognosci
314 2553 406 2617 facile
427 2561 532 2636 potest
545 2559 768 2636 comparatione
788 2557 909 2622 rudium
930 2563 963 2627 et
982 2558 1058 2624 bar-
1132 2569 1149 2594 ‘

47 2645 190 2704 berorum
211 2643 365 2703 hominum
387 2660 455 2702 cum
482 2641 624 2722 gentibus
656 2642 784 2726 eruditis
805 2643 952 2711 instituta.
995 2643 1057 2703 lta·
1157 2689 1160 2695 1

50 2747 112 2807 que
133 2747 171 2788 ne
192 2729 215 2787 ιι
236 2727 374 2806 quidem,
404 2728 454 2804 qui
482 2733 685 2805 operantum
711 2729 824 2798 uirtute
853 2727 1057 2802 desciverunt,

48 2820 216 2895 propterea
245 2813 412 2892 degeneres
441 2811 613 2887 habentur,
640 2811 719 2890 quod
747 2815 827 2872 omni
848 2814 970 2873 omnino
996 2813 1057 2871 nir-
1156 2837 1167 2856 a

47 2907 120 2960 tnta
146 2898 285 2959 destituti
312 2902 401 2971 sunt,
437 2897 491 2965 sed
521 2898 589 2976 quia
617 2904 745 2977 propter
772 2899 918 2966 minorem
945 2898 1059 2974 ingenii

48 2987 217 3046 bonitatem
251 2984 290 3043 ad
317 2983 463 3044 maiorum
491 2999 615 3042 satorum
650 2984 866 3062 praedantium
899 2983 1058 3061 peruenire

48 3089 112 3131 non
132 3075 304 3150 potuerunt.
329 3099 370 3112 -
412 3067 513 3127 Finita
533 3066 591 3129 bac
605 3069 741 3129 oratione
754 3067 938 3145 Protagorae
959 3067 1059 3129 denuc
1084 3083 1090 3090 ·

49 3169 87 3218 se
108 3155 270 3233 prolitetur
289 3153 410 3214 virtutis
431 3153 618 3231 magistrum,
642 3169 786 3238 atramque
808 3153 996 3233 disciplinam
1016 3153 1059 3214 uit

49 3241 147 3301 multu
169 3238 331 3318 grandiore
351 3238 470 3316 dignam
492 3255 562 3308 esse
585 3241 704 3318 pretio,
732 3256 819 3321 quam
851 3239 932 3316 qued
952 3239 1059 3318 ipses
1144 3287 1148 3292 .

50 3319 207 3404 discipulis
230 3326 351 3403 exigere
372 3323 478 3384 soleat.
520 3322 555 3383 P.
576 3319 648 3382 322.
670 3321 706 3382 ι).
727 3354 769 3367 -
790 3323 863 3382 ate.
886 3321 921 3384 l).
969 3321 974 3328 ’
1074 3373 1080 3378 ,
1116 3326 1118 3330 ’

5 3473 8 3490 ,
135 3409 282 3486 Videmus
303 3408 354 3471 bic
373 3409 502 3489 primum
519 3405 685 3489 sophistam
698 3407 783 3485 pransi
796 3407 950 3485 specimen
963 3405 1060 3486 qaod-

52 3497 123 3557 dam
147 3496 293 3555 exhibere
320 3493 517 3562 institutionis
544 3511 634 3554 sune..
675 3493 777 3554 Habet
803 3493 884 3552 enim
905 3495 1060 3572 copiosam

55 3589 90 3641 et
110 3581 215 3642 multis
235 3581 396 3650 verborum
415 3578 571 3649 lenociniis
593 3583 764 3647 exornatam
787 3579 972 3651 orationem,
1001 3597 1060 3655 qua

54 3667 174 3728 Socrati
200 3665 386 3746 persuadere
412 3670 539 3726 conatur
572 3665 738 3739 vinctam,
768 3663 889 3734 etiamsi
922 3663 1060 3723 omnibus

55 3754 221 3813 communis
249 3751 397 3830 quaedam
424 3749 584 3830 prudentie
612 3748 705 3810 civilis
732 3748 892 3816 tribuenda
912 3747 1060 3823 rideatur,
1173 3817 1176 3822 ,
1201 3765 1203 3769 ·

55 3845 155 3898 tamen
182 3838 289 3915 ntique
310 3836 447 3904 doctriua
477 3840 509 3895 et
536 3832 727 3895 institutione
762 3835 931 3914 comparari
958 3851 1059 3912 posse.

56 3923 150 4000 Quod·
166 3923 275 3983 exinde
297 3920 447 3999 explicat,
469 3921 548 3998 quod
569 3919 757 3994 Mercurius,
787 3921 838 3999 qui
858 3919 944 3979 feros
960 3917 1061 3980 cultata

56 4009 210 4088 hominum
225 4005 412 4080 formaverit,
434 4005 512 4066 levis
526 4007 611 4066 iussu
628 4007 763 4067 umnrbus
783 4006 929 4066 iustitiam
950 4010 983 4064 et
1004 4023 1061 4082 pu·
1134 4074 1138 4079 .
1194 4029 1196 4032 ·

57 4093 162 4153 dorem
183 4093 344 4165 iniecerit,
367 4109 465 4171 eoque
492 4090 631 4152 homines
660 4111 678 4150 a
706 4090 774 4150 fera
799 4096 833 4150 et
860 4091 976 4170 agresti
1001 4089 1063 4150 vita

58 4178 244 4254 evocaverim
262 4179 314 4244 bic
332 4179 403 4259 ipse
423 4193 497 4240 vero
517 4177 651 4239 iustitim
662 4181 706 4261 et
726 4176 848 4258 pietatis
868 4193 979 4240 sensus
999 4174 1064 4236 cul·
