2584 4736
228 313 272 396 aa.
548 373 552 384 ,
582 304 870 395 raausurro

226 506 303 568 'tun
329 507 363 562 et
378 499 594 562 exercitatione
613 498 756 580 indigem.
798 497 913 562 Verum
941 497 1002 559 etsi
1020 497 1053 560 iu
1071 495 1121 559 his
1143 513 1245 576 quee-

233 585 304 648 dam
336 603 408 647 sera
442 588 561 663 insunt,
601 593 700 648 tamen
726 584 802 645 ordo
830 584 1046 646 sententiarum
1078 581 1154 644 adeo
1193 587 1248 641 est

235 673 432 754 perturbatus
458 678 550 753 atque
577 673 731 733 notionum
760 689 796 730 ea
816 678 866 731 est
887 670 1072 742 obscuritas,
1101 673 1137 728 ut
1165 667 1248 745 quid

191 793 195 796 -
235 757 283 820 rei
309 757 351 818 sit
375 775 413 818 ex
437 757 487 818 hls
515 758 636 824 minime
663 757 761 836 possit
780 755 917 834 intelligi.
960 754 1048 830 Quod
1068 753 1168 830 ipsum
1190 771 1250 811 ar-

234 848 381 922 gumento
414 850 464 906 est
489 842 594 923 longas
622 842 690 902 illus
716 849 809 920 atque
835 839 1006 922 splendidas
1034 839 1249 918 sophistarum

119 937 123 946 '
236 927 489 1006 declamationes,
514 929 694 1007 pracsertim
720 927 773 987 ubl
799 931 974 1006 argumenta
993 929 1127 985 tractent
1155 941 1174 982 e
1198 921 1250 981 sa-

223 1011 319 1074 bulis
345 1014 460 1092 petita,
489 1013 525 1073 ad
554 1013 796 1094 persuadendum
824 1019 911 1092 aptas
932 1029 1002 1072 esse
1022 1009 1144 1071 minium
1163 1007 1249 1068 iudi-

238 1099 304 1158 cari
321 1097 425 1159 licere.
468 1099 569 1180 Atque
597 1097 628 1158 id
655 1099 755 1178 ipsum
782 1098 872 1159 etiam
903 1095 1048 1158 Socrates
1067 1092 1249 1156 Platonicus

239 1181 283 1248 ua
301 1183 424 1244 iudicat.
903 1241 906 1248 ,

324 1266 413 1346 Quod
436 1268 515 1331 enim
536 1274 711 1347 speraverat
728 1265 877 1348 sophista,
898 1283 933 1328 se
953 1263 1012 1326 hac
1034 1264 1170 1327 oratione
1191 1282 1251 1325 sua

235 1349 438 1432 ¹liippocratis
456 1358 490 1420 ¹ct
511 1351 645 1414 Socratis
665 1354 779 1414 animos
801 1371 871 1414 esse
893 1350 1095 1424 deliniturum,
1115 1349 1148 1410 id
1169 1348 1251 1416 adeo

242 1453 303 1498 ooo
332 1439 544 1518 consequitur,
572 1445 607 1499 ut
635 1439 664 1499 ei
693 1438 802 1499 deinde
829 1438 889 1500 hoo
918 1435 1128 1496 declamitandi
1149 1453 1251 1513 genus

242 1527 342 1584 totum
368 1523 595 1601 relinquendum
622 1525 671 1585 sit.
711 1523 855 1584 Socrates
876 1523 973 1596 enim,
1002 1528 1037 1582 ut
1064 1527 1251 1601 perpetuum

242 1605 327 1670 istud
348 1609 491 1670 orationis
511 1609 623 1671 flumen
645 1609 918 1688 quasi'restioguat
943 1613 976 1667 et
996 1606 1148 1679 obstruat,
1176 1623 1251 1665 sese

166 1723 168 1732 =
236 1691 405 1754 admodum
427 1694 745 1756 obliviosumsimulat
765 1712 844 1770 esse,
865 1693 909 1755 ita
928 1697 963 1752 ut
985 1711 1061 1772 quae
1082 1692 1114 1752 iu
1128 1691 1253 1770 longio-

126 1791 127 1796 ’
180 1813 181 1820 ι
243 1775 329 1840 ribus
348 1779 497 1842 eiusmodi
523 1781 713 1842 sermonibus
739 1778 876 1842 dicautur
897 1795 966 1839 mor
985 1778 1044 1838 sibi
1062 1795 1081 1836 e
1102 1778 1252 1836 memoria

244 1879 351 1924 rursm
386 1865 533 1926 excidant.
582 1863 746 1926 Praeterea
778 1884 813 1927 se
841 1857 1009 1926 orationum
1041 1861 1252 1924 habendarum

246 1947 337 2026 place
364 1949 539 2030 imperitum
568 1950 651 2012 dicit.
706 1949 808 2029 Rogat
842 1950 935 2028 igitur
961 1948 1177 2028 Protagoram,
1214 1952 1252 2008 ut

246 2030 305 2094 hae
325 2035 465 2096 molestia
489 2035 590 2115 ipsam
614 2036 715 2096 levare
734 2041 770 2097 et
788 2033 1001 2113 interrogando
1021 2031 1250 2113 respondendo·

247 2135 307 2196 que
334 2121 489 2200 negotium
505 2121 621 2182 ‘secum
648 2116 817 2199 transigeire
843 2119 925 2180 velit
966 2118 1087 2194 Quibus
1105 2117 1251 2199 precibus

246 2203 386 2283 saphim
412 2225 450 2268 eo
475 2206 628 2268 lubentius
662 2205 819 2282 concedit,
851 2203 932 2284 qnod
963 2204 1007 2264 ita
1040 2222 1147 2265 novam
1174 2203 1251 2264 artis

248 2306 322 2350 suae
358 2291 555 2353 ostentandae
588 2293 777 2354 occasionem·
813 2290 871 2352 sibi
911 2289 1042 2350 oblatam
1077 2289 1251 2350 arbitratur.

150 2374 154 2390 “
248 2371 328 2434 Τιιιιι
356 2393 429 2437 sero
459 2375 617 2450 Socrates,
642 2377 784 2438 simulans
812 2395 849 2437 ae
873 2375 1077 2453 Protagorae,
1104 2375 1251 2434 virtutem

81 2455 84 2470 ¹
247 2457 353 2524 doceri
373 2480 466 2541 pesse
485 2461 665 2535 affirmanti,
692 2461 783 2521 facile
808 2461 901 2521 fidem
921 2459 1050 2534 habere,
1079 2475 1251 2520 sermonem

246 2544 343 2606 infert
364 2546 404 2608 de
424 2547 484 2607 aiio
506 2552 699 2626 argumento:
726 2545 807 2624 qnod
836 2552 937 2606 tamen
957 2545 1122 2605 carendum
1143 2549 1191 2604 cst
1211 2563 1252 2604 ne

196 2698 198 2702 ¹
247 2635 367 2693 temen
387 2632 456 2692 lieri
475 2633 697 2706 existimemosq
722 2632 867 2694 cohaeret
888 2630 968 2690 enim
987 2630 1064 2690 haec
1086 2629 1251 2710 disputatio

247 2716 353 2793 utique
373 2718 542 2796 arctissime
563 2736 632 2777 oum
652 2718 799 2776 reiantea
819 2721 964 2776 tractatae
986 2714 1172 2793 «quaestione,
1194 2733 1252 2776 neo

247 2799 364 2862 frustra
393 2802 536 2864 Socrates
568 2821 603 2863 se
631 2802 675 2861 eit
700 2800 886 2879 Protagorae
920 2801 1053 2880 opinioni
1086 2799 1252 2874 accedere3

248 2903 317 2946 nam
338 2888 382 2949 ita
403 2888 554 2968 siguificat
573 2907 591 2946 e
611 2887 729 2946 ratione
751 2887 870 2966 quidem
881 2885 1105 2945 Socraticorum
1125 2886 1157 2944 id
1178 2904 1252 2946 sane

249 2971 317 3033 hert
337 2989 430 3051 posse
452 2971 578 3046 concedi
599 2978 764 3050 oportere;
789 2971 822 3035 id
842 2971 922 3050 quod
944 2977 1090 3050 exparte
1111 2970 1253 3048 colloquii

244 3055 385 3128 'extrem
405 3057 571 3121 clarissime
592 3058 808 3136 perspicietur.
850 3057 948 3133 Quum
969 3059 1049 3115 enim
1067 3055 1252 3133 Protagoras

248 3139 281 3204 iu
309 3145 514 3222 superioribus
543 3142 673 3220 pharium
701 3144 845 3204 virtutum
876 3142 1058 3202 mentionem
1087 3141 1251 3215 iniecisset,

204 3258 208 3264 -
247 3225 393 3292 Socrates
414 3247 492 3290 nuno
514 3246 551 3287 er
573 3245 610 3286 eo
633 3229 766 3306 quaerit,
788 3233 889 3286 utrum
912 3227 970 3286 hae
991 3243 1096 3288 omues
1115 3243 1172 3306 pro
1194 3245 1252 3290 una

250 3317 366 3374 tantum
395 3313 559 3390 cadentque
586 3313 698 3373 uirtute
718 3311 873 3372 habendae
892 3311 1066 3384 videantur,
1096 3331 1133 3372 an
1153 3312 1251 3372 variae

118 3411 121 3418 ’
250 3398 338 3462 unius
364 3397 496 3466 virtutis
519 3402 621 3476 partes
649 3397 825 3458 iudicandae
852 3397 921 3457 siut.
971 3396 1173 3476 Amplectitur
1199 3416 1250 3457 so-

249 3481 355 3560 phista
379 3482 581 3560 posteriorem
611 3484 797 3546 sententiam.
855 3481 959 3562 ltaque
984 3482 1054 3542 illc:
1097 3481 1250 3560 eiigitur

250 3571 337 3640 silut,
365 3567 478 3644 inquit,
506 3586 526 3625 o
554 3568 646 3639 bone,
673 3569 761 3628 troius
789 3573 894 3646 partes
921 3568 1061 3643 virtutis,
1087 3566 1147 3628 bae
1166 3567 1250 3645 ipsae
1282 3601 1283 3636 3

167 3687 169 3691 ·
249 3658 353 3730 partes
374 3658 427 3712 eut
445 3645 533 3731 plane
553 3654 678 3714 carralem
699 3653 813 3714 hahere
834 3658 962 3733 possunt
982 3660 1136 3724 naturam,
1164 3671 1250 3730 qoanr
1282 3641 1283 3694 i

249 3742 364 3811 totum,
394 3738 640 3814 quemadmodum
673 3740 738 3798 auri
759 3736 927 3816 particulae
948 3757 966 3797 a
985 3744 1051 3798 toto
1079 3755 1139 3796 nou
1164 3737 1250 3796 dilie-
1282 3729 1283 3780 ἶ

180 3877 183 3884 .
249 3828 337 3896 rrrnt3
358 3830 410 3883 aut
430 3825 511 3886 inter
530 3843 565 3884 se
588 3824 725 3884 diversae
746 3828 889 3900 poterunt
910 3840 981 3884 esse
1004 3815 1067 3893 sic,
1092 3829 1129 3882 at
1150 3824 1250 3902 singu·

242 3905 298 3968 ‚lae
327 3924 410 3968 suam
439 3908 497 3968 sibi
518 3911 671 3988 propriam
692 3908 823 3974 babeant
849 3914 1002 3979 naturam,
1028 3907 1123 3968 veluti
1150 3915 1248 3986 partes

187 4051 191 4066 ,
249 3990 356 4069 iactet,
377 4010 424 4065 os,
444 4013 547 4068 nasos,
571 3994 687 4066 oculus,
709 4012 727 4053 a
749 3994 930 4054 seinvicem
950 3991 1102 4055 differunt.
1144 3994 1249 4054 Utrum

248 4076 341 4154 igitur
368 4079 424 4140 tibi
452 4079 577 4158 piaceti
619 4078 734 4139 Probat
762 4078 900 4156 sophista
916 4095 985 4136 eam
1010 4080 1173 4152 rationem,
1193 4096 1248 4156 qua

125 4186 130 4195 ·
249 4163 384 4243 singulae
405 4166 531 4228 virtutes
555 4164 636 4230 iuter
657 4181 694 4228 se
716 4163 854 4226 diversae
874 4163 1050 4226 iudicantur.
1092 4162 1161 4224 lloo
1178 4179 1247 4225 tero
