2586 4730
75 599 78 608 ,

239 331 303 396 148
386 333 455 344 ”

624 321 872 390 runrours
1017 417 1020 424 Δ

231 493 362 584 «οὖσαν,
385 461 669 593 ῥήματαιβραχία
692 472 978 586 &transmarinum
1007 492 1136 586 ἑκάστῳ
1161 505 1247 588 alpoz*

186 617 214 682 B
240 613 334 694 μένα.
360 595 456 672 οὗτοι
479 604 535 671 καὶ
564 605 658 696 κοινῇ
683 599 902 683 ξυνελθόντες
924 595 1083 689 ἀπαρχὴν
1107 601 1170 682 τῆς
1192 624 1247 670 σο·

239 711 320 800 φίας
351 701 523 786 ἀνέθεσαν
553 706 599 788 τῷ
630 700 825 792 Ἀπόλλωνι,
845 707 890 780 είς
919 695 982 769 τὸν
1012 696 1096 770 ossio
1126 697 1191 770 τὸν
1212 710 1246 770 ἐν

241 809 410 898 Asinaia&
431 801 624 898 γράψαντες
653 806 781 888 ταῦτα,
816 797 840 870 ἃ
872 797 913 884 δὴ
945 797 1069 882 πάντες
1095 797 1245 892 ὑμνοῦσι,

238 909 384 996 γνῶθι
407 901 586 985 σαυτόν,
610 907 667 973 καὶ
692 905 825 990 μηδὲν
848 897 970 987 ἄγαν.

317 1008 387 1074 Τοῦ
414 995 454 1086 δὴ
480 1011 574 1072 ἕνεκα
599 1007 709 1095 ταῦτα
734 1008 833 1090 λέγοις
857 999 930 1073 Ὅτι
954 993 1053 1082 οὗτος
1076 999 1095 1071 ὁ
1122 999 1246 1094 τρόπος

238 1095 282 1189 ἦν
317 1109 384 1174 τῶν
416 1099 569 1174 τιαλαιῶν
601 1108 662 1189 τῆς
694 1107 914 1198 φιλοσοφίας,
959 1105 1168 1194 βραχυλογία
1199 1131 1246 1184 τις

238 1203 433 1289 Λακωνική.
463 1207 521 1275 καὶ
551 1202 593 1289 δὴ
624 1208 681 1275 καί
711 1207 774 1276 τοῦ
799 1205 975 1276 Πιττακοῦ
1001 1207 1071 1294 tota
1099 1213 1246 1312 ιτεριερέ·1

254 1471 258 1480 ’
306 1468 338 1522 C.
371 1463 763 1538 αίτὸςιιίλοτιμῆστιίν
787 1472 858 1529 τοῖς
879 1467 922 1538 τ.]
956 1467 1042 1538 vulgo
1063 1462 1241 1540 ειίλοιιιμῆοιιε

249 1671 253 1678 ’
272 1661 407 1742 ῥήματα
423 1661 608 1756 {inagis-'T
631 1673 719 1758 ιίρρ·
766 1677 914 1756 veterum
933 1672 1093 1756 sapientiam,
1108 1687 1242 1758 quaecum

236 1745 719 1882 titullittlltllltttt
765 1742 1243 1877 {attitulastiattuit

235 1875 514 2002 ἵωὲὗτηνίᾳῦσανλαλ
533 1951 626 2000 'uoto'
650 1945 718 2001 ἒνν-
765 1879 1243 2000 δίιξηζλῖεἴαλῖλλιῖκῗιῖθιοθλλνθθᾚί-

236 1968 440 2078 ελθοόνυττεοςι
464 2015 515 2082 -]
550 2015 591 2066 Hi
610 1970 717 2069 notiam
763 1963 866 2067 lqocavit.
894 1987 989 2081 'Neque
1012 1965 1080 2072 sium
1103 2017 1130 2068 in
1151 2019 1242 2068 talibus

236 2087 458 2140 communiter
492 2088 715 2138 convenerunt
762 2083 875 2150 perinde
891 2089 947 2148 eat,
970 2083 1019 2135 hoc
1040 2100 1073 2136 au
1095 2087 1146 2136 alio
1166 2085 1242 2136 modo

236 2163 271 2207 et
310 2155 474 2222 primitias
525 2153 715 2219 sapientiae
763 2152 843 2203 verba
872 2153 1038 2204 collocentur.
1079 2153 1240 2219 Dequara

236 2228 480 2277 consecrarunt
500 2220 649 2288 Apollini
666 2225 716 2272 eto.
764 2218 811 2271 hac
829 2220 965 2294 oooasione
987 2221 1074 2278 oblata
1093 2222 1180 2287 paucis
1198 2239 1240 2274 eu·

235 2291 307 2344 Male
329 2291 460 2344 nonnemo
477 2290 503 2342 in
520 2291 559 2342 his
576 2287 626 2356 γιίρ
645 2289 715 2340 desi·
764 2289 859 2356 plicare
871 2289 949 2340 iuvat.
983 2289 1077 2355 Itaque
1085 2290 1238 2357 quadruplex

235 2360 344 2414 detavit.
358 2359 574 2410 Ἀνατιθίναι
591 2357 641 2408 dici
652 2373 716 2408 con-

200 2479 202 2486 ,
235 2435 288 2479 stat
305 2430 338 2480 de
355 2429 476 2492 donariis,
496 2442 562 2492 quae
580 2442 594 2477 e
611 2425 715 2491 parieti-

164 3625 169 3634 .
228 3592 290 3638 aot.

234 2497 283 2549 bus
316 2500 470 2564 templomm
511 2493 714 2560 suspenduntura

234 2566 378 2618 cuiusmodi
395 2563 500 2616 donaria
518 2563 635 2614 dicuntur
651 2561 714 2612 ἀνα-

90 2665 93 2676 ·
166 2617 169 2626 ¹
194 2673 196 2678 .
234 2632 357 2701 θήματα.
385 2648 410 2685 r.
439 2631 544 2681 Tlrom.
571 2630 609 2681 M.
638 2646 660 2681 s.
689 2645 715 2681 r.

233 2700 381 2753 ἄναθεῖναι.
424 2698 489 2749 illud
512 2691 596 2764 γνῶθι
618 2696 715 2748 σαυτόν

234 2770 360 2836 Delphico
377 2768 474 2832 templo
490 2766 638 2830 inscriptum
656 2767 713 2817 llrit.

232 2853 257 2891 v.
273 2839 372 2890 Plrileb.
395 2851 420 2900 p.
439 2841 481 2884 ⁴8.
499 2835 530 2886 C.
554 2835 665 2886 Plraedr.
686 2851 713 2901 p.

143 2903 149 2912 '
203 2945 206 2952 .
232 2913 292 2959 229.
320 2904 351 2956 E.
379 2902 508 2954 Charmid.
538 2920 564 2970 p.
596 2908 653 2955 164.
681 2904 714 2955 D.

229 2972 376 3039 Xenoph.
394 2971 474 3023 Mem.
491 2970 536 3034 lv,
556 2978 586 3035 2,
604 2977 645 3023 24.
664 2971 713 3023 Ci-

232 3057 310 3094 oero
327 3041 410 3106 Legg.
425 3040 446 3104 l,
459 3045 500 3090 22.
519 3039 623 3092 Tuscul.
636 3042 658 3104 Ι,
670 3045 713 3096 21.

231 3111 272 3162 De
294 3109 364 3160 dicto
389 3109 433 3158 illo
455 3110 623 3175 pervulgato,
647 3110 711 3159 item

230 3177 355 3244 Delphico
374 3179 471 3241 templo
484 3177 616 3242 inscripto,
634 3178 713 3244 μηδὲν

229 3246 305 3312 ἄγαν,
323 3243 393 3310 quod
410 3246 442 3295 ab
460 3245 515 3297 aliis
533 3245 565 3295 ad
584 3246 647 3296 alios
665 3261 712 3296 au-

230 3321 318 3365 otores
335 3313 457 3380 retertur,
481 3315 632 3366 consulendi
650 3320 711 3366 sunt

228 3381 309 3449 intpp.
333 3381 367 3432 ad
389 3380 482 3444 Diog.
500 3380 609 3434 Laert.
626 3383 647 3446 I,
666 3388 709 3445 4⁰,

229 3456 272 3500 44.
290 3448 392 3502 Cicer.
411 3447 618 3513 (tertullian.
637 3451 710 3503 Val-

229 3519 320 3570 cleu.
347 3518 382 3570 ad
409 3517 499 3585 Eurip.
519 3518 655 3586 Hippolyt.
683 3533 708 3570 v.

263 3689 332 3738 Τοῦ
349 3685 382 3752 a}
393 3716 429 3728 —
441 3687 553 3754 λέγοις]
573 3687 708 3752 Saepenu-

227 3769 303 3809 mero
319 3757 389 3823 apud
407 3757 543 3808 Platonem
565 3755 709 3808 huiusmodi

225 3825 442 3892 interrogationes
454 3823 575 3875 orationis
593 3825 709 3876 animan-

218 3893 278 3944 -dae
294 3895 378 3960 gratia
393 3893 480 3944 inferri
498 3890 626 3942 docebunt
643 3907 709 3957 quae

225 3960 337 4014 diximus
355 3961 388 4014 ad
404 3962 486 4025 Gorg.
503 3975 529 4026 p.
546 3965 605 4012 toa.
622 3959 654 4024 C.

241 4067 318 4112 ,τῶν
347 4062 500 4112 παλαιῶν
529 4065 589 4125 τῆς
611 4059 707 4127 φιλο-

224 4129 353 4196 σοφίας]
371 4131 502 4180 Observes
518 4129 634 4181 ordinem
645 4145 705 4181 ver-

221 4199 323 4252 borum.
356 4195 472 4264 Oppouit
490 4197 557 4253 euim
571 4199 705 4269 εἰρωνικῶς

765 2373 825 2409 esse
842 2362 931 2423 potest
947 2357 1020 2408 istius
1039 2359 1141 2423 generis
1161 2360 1237 2410 norni-

764 2441 825 2476 num
851 2425 1071 2478 substantivorum
1089 2429 1235 2491 coniunctio,
1280 2475 1281 2478 ,

764 2509 830 2558 qaae
852 2508 1008 2560 magnopere
1025 2495 1168 2548 cavendum
1192 2501 1236 2559 est,
1280 2525 1281 2558 3

762 2575 796 2612 ne
816 2562 841 2612 vi
859 2568 887 2614 et
902 2576 952 2613 usu
966 2577 1014 2614 suo
1028 2563 1086 2615 nllril
1098 2564 1236 2632 discrepare

762 2635 874 2696 putetur.
905 2631 944 2681 Ac
953 2631 1061 2704 primum
1076 2631 1180 2697 quidem
1192 2633 1235 2683 dici

762 2703 863 2764 polest:
893 2696 907 2761 ἤ
938 2702 988 2748 τῶν
1010 2702 1134 2752 παλαιῶν
1155 2703 1232 2768 σοφία.

763 2766 823 2819 Quo
846 2766 925 2818 modo
943 2767 1038 2819 Graeci
1059 2769 1131 2834 loqui
1149 2773 1232 2831 solent,

762 2849 839 2899 quum
862 2836 993 2900 utriusque
1016 2838 1126 2888 nominis
1151 2855 1181 2889 ea
1200 2843 1234 2888 est

762 2903 922 2967 coniunctio,
952 2909 982 2954 ut
1006 2912 1126 2957 neutrum
1149 2908 1174 2957 vi
1195 2921 1233 2956 sna
1278 2909 1279 2922 ¹

761 2986 824 3037 prae
840 2973 921 3022 altero
937 2972 1056 3037 emineat,
1075 2975 1122 3026 sed
1134 2977 1232 3027 altemm

760 3055 819 3090 curn
837 3042 919 3090 altero
938 3040 962 3090 lu
983 3055 1059 3092 unam
1076 3044 1150 3108 quasi
1167 3049 1233 3094 coeat

749 3108 899 3159 notionem.
933 3107 1009 3160 Unde
1030 3110 1134 3172 lit‚.ut
1157 3113 1233 3176 lingna

759 3176 1117 3242 Germanica'saepenunrero
1135 3180 1234 3246 compo·

759 3244 815 3294 sitis
848 3249 936 3294 utatur
967 3246 1126 3311 nominibus,
1161 3263 1232 3314 quum

759 3311 906 3363 istiusmodi
921 3313 1056 3374 perborum
1070 3317 1232 3382 comprehen-

759 3381 798 3430 sio
823 3380 960 3446 diligenter
995 3382 1162 3448 exprimenda
1189 3392 1231 3438 est.

759 3447 846 3500 veluti
865 3447 879 3512 ἡ
898 3447 948 3498 τοῦΙ
959 3451 1076 3515 πολέμου
1087 3452 1154 3518 τύχη
1172 3455 1233 3505 Ger-

758 3584 931 3648 gesolrielr3
955 3583 969 3648 ἡ
989 3593 1039 3636 τῶν
1054 3589 1181 3656 πολεμίων
1195 3597 1231 3656 γῆ,

757 3652 816 3703 das
833 3652 1057 3707 Feindesland
1073 3661 1123 3708 eto.
1159 3660 1231 3710 Pror-

758 3736 802 3776 sus
820 3721 872 3772 alia
891 3723 956 3773 ratio
975 3729 1028 3788 est,
1052 3740 1131 3789 quum
1149 3726 1231 3778 dicitur

758 3787 773 3852 ἡ
793 3791 872 3856 σοφία
881 3795 932 3840 τῶν
941 3792 1065 3842 παλαιῶν.
1094 3794 1156 3847 Hoc
1170 3797 1229 3847 enim

748 3858 837 3915 ,modo
863 3859 1056 3925 quiloquitur,
1082 3862 1105 3913 is
1126 3865 1228 3930 priorem

757 3926 894 3977 verbomnr
910 3935 1012 3993 partem
1030 3945 1095 3982 sono
1113 3935 1182 3984 acuit
1194 3939 1229 3983 at-

756 4009 807 4058 que
829 3997 1029 4060 sapientiam
1057 4005 1173 4052 veterum
1194 4002 1227 4051 di-

755 4062 861 4130 stinguit
871 4065 903 4113 ab
917 4064 966 4115 aliu
979 4064 1088 4129 quadam
1106 4085 1143 4133 re,
1160 4085 1226 4134 quarn

754 4145 805 4180 non
827 4133 881 4182 vnlt
903 4147 961 4184 cum
984 4135 1026 4186 illa
1053 4135 1172 4188 contundi
1189 4144 1226 4188 aut

752 4201 901 4270 permutari.
937 4202 1074 4257 Contraria
1094 4205 1152 4262 nuc
1168 4207 1225 4259 ratio

750 3513 859 3568 'manico
885 3516 993 3570 reddas:
1020 3520 1075 3570 das
1101 3521 1232 3588 Kriegs-
1273 3497 1276 3562 ί
