2584 4736
230 314 279 382 ao
518 300 889 380 'enarrarre
1106 261 1111 272 ’
1275 181 1282 476 i

159 522 179 540 ‚.
230 482 513 549 catalauniam
534 468 636 548 autem
656 503 711 549 aua
729 489 839 566 aponte
862 485 991 565 suscipit
1010 503 1063 562 ea,
1086 503 1162 566 qme
1185 485 1247 546 ribi
1278 491 1282 594 p

236 570 347 632 malurn
377 566 499 650 aliquod
525 571 636 632 afferre
662 572 833 633 arbitratur.
884 571 988 650 ltaque
1015 573 1062 632 vir
1083 571 1173 633 fortia
1197 591 1248 644 ec,
1281 599 1282 608 ¹

236 675 314 734 quae
333 660 404 716 aaut
424 658 573 731 honesta,
594 657 625 717 id
646 664 705 732 eat,
725 657 854 718 iucunda
874 689 915 701 -
937 675 1006 718 naua
1026 657 1189 718 honesturn
1212 663 1248 716 et
1277 641 1283 768 i

219 739 395 802 'iucundum
418 743 499 804 idem
520 761 589 804 csse
608 743 736 804 vidlmua
757 773 799 790 ·-
821 741 944 822 semper
965 747 998 802 et
1018 744 1129 821 ubique
1142 743 1248 820 aequi-

236 832 298 902 tor,
319 825 448 905 ideoque
469 845 525 888 nec
548 829 680 907 turpiter
700 829 809 890 metuit
838 847 896 888 nec
916 828 1048 908 turpiter
1068 829 1163 888 arrdax
1186 834 1249 899 eat,

237 931 328 991 quom
348 912 469 974 timidae
490 931 526 973 ac
547 921 663 974 temere
683 913 778 974 audax
797 913 846 972 vel
865 918 948 973 meto
964 911 1013 972 vel
1026 915 1149 974 audacia
1160 914 1249 990 turpi

236 998 426 1076 corripiatur.
478 996 536 1059 nst
555 1005 662 1058 ¹autern
684 1000 816 1077 turpiter
837 997 949 1058 audere
969 999 1018 1058 vel
1038 1000 1147 1060 timere
1163 998 1248 1058 ¹nihil

236 1082 335 1158 aliud,
356 1083 414 1144 nisi
432 1089 564 1164 propter
582 1085 661 1150 recti
679 1083 877 1161 ignorantiam
897 1101 1035 1163 peceare,
1057 1083 1249 1162 quandoqui-

134 1213 138 1226 .
235 1169 306 1228 dem
325 1186 415 1228 nemo
436 1168 579 1248 prndcna,
600 1173 634 1228 ut
654 1168 792 1241 vidimus,
813 1187 890 1246 quac
911 1167 969 1230 aibi
990 1169 1158 1250 perniciosa
1174 1169 1249 1228 fore

237 1253 409 1334 praevidet,
428 1272 558 1332 unquam
586 1254 741 1330 suscipiet.
787 1253 877 1314 Unde
900 1253 1043 1328 eflicitur,
1063 1259 1099 1316 ut
1119 1254 1249 1314 tortitu-

236 1341 337 1416 dinem
359 1338 486 1398 seientia
505 1345 677 1400 contentam
691 1357 761 1400 ease
774 1337 897 1399 iudicari
917 1344 1076 1419 oporteatr
1098 1345 1148 1401 cat
1161 1340 1248 1399 euim
1283 1355 1284 1368 ¹

236 1423 312 1484 nillil
333 1423 415 1504 aliud
435 1422 493 1486 nini
512 1441 614 1495 rerum
634 1422 860 1486 metuendamm
873 1429 926 1486 aut
940 1441 999 1486 non
1015 1425 1249 1486 metuendorum

237 1509 365 1575 seientia
385 1526 454 1568 eum
474 1516 559 1570 recto
575 1527 634 1571 uau
647 1510 814 1572 coniuncta.
835 1542 877 1555 -
918 1509 976 1570 Hie
990 1509 1126 1572 omnibus
1138 1524 1257 1588 magna.

192 1593 204 1611 '
238 1594 406 1656 subtilitate
426 1594 600 1672 explicatis,
622 1593 766 1673 Serretes
789 1593 943 1656 concludit
958 1594 1064 1656 falsam
1082 1613 1153 1656 aare
1166 1595 1249 1655 Pro·

237 1687 362 1758 tagorae
390 1679 589 1752 sententiam,
616 1681 667 1758 qui
695 1680 833 1741 heminae
860 1680 1154 1761 imprudentissimae
1176 1699 1249 1740 eae·
1282 1667 1285 1790 1

186 1781 189 1791 ¹
237 1782 402 1846 penumero
423 1763 607 1826 fortissimos
629 1784 698 1826 eoae
719 1765 853 1828 dixisset.
878 1765 912 1826 P.
928 1764 1003 1828 357.
1017 1764 1193 1826 n-atn.
1211 1765 1250 1825 1).
1284 1827 1285 1830 ,

322 1851 407 1925 Quae
426 1849 477 1918 hic
497 1849 535 1910 de
557 1850 736 1912 tortitudine
756 1851 961 1927 disseruntur,
981 1869 1018 1911 ea
1039 1851 1114 1910 item
1135 1869 1250 1910 caven·
1283 1831 1285 1920 i

189 1935 194 1960 ¹
238 1936 310 1996 dum
332 1942 388 2012 eat,
401 1953 440 1996 ne
461 1941 607 2014 protenus
628 1955 684 2016 pro
708 1938 840 1998 decretis
860 1953 945 1996 mere
966 1934 1128 1996 Platonicis
1149 1936 1250 1996 habe÷

238 2028 337 2084 antur.
381 2017 522 2100 Disputat
542 2021 623 2082 enim
644 2021 786 2082 Socraten
808 2021 952 2100 pleraque
973 2021 1071 2081 omnia
1093 2020 1131 2082 ad
1159 2039 1250 2082 men-

237 2113 301 2166 tem
329 2105 424 2186 ipaias
452 2105 651 2186 Protagorae,
682 2108 725 2168 ita
752 2108 873 2185 quidem
900 2111 935 2167 ut
972 2123 1041 2164 eum
1075 2122 1133 2185 per
1160 2125 1250 2167 auam

237 2191 334 2271 ipsius
355 2191 501 2252 rationem
523 2193 553 2252 in
575 2190 714 2252 fraudem
736 2199 769 2253 et
793 2209 929 2252 errorem
950 2189 1078 2252 inducat.
1121 2192 1249 2252 Etenim

238 2277 381 2338 Socrates
401 2277 479 2356 ipse,
506 2278 565 2338 etal
588 2277 796 2338 fortitudinem
824 2294 942 2355 quoquc
962 2277 992 2336 in
1015 2277 1141 2340 scientia
1161 2278 1249 2356 posi-

237 2370 301 2424 tam
325 2381 394 2424 eoae
415 2362 580 2438 iudicabat,
602 2370 702 2424 tamen
723 2364 896 2440 neutiquam
917 2381 983 2422 earn
1003 2361 1123 2422 volebat
1143 2362 1250 2422 inesse
1286 2364 1287 2378 ¹

236 2449 269 2510 io
295 2447 401 2508 callida
428 2447 552 2526 quadam
580 2467 682 2508 rerum
708 2449 903 2508 iucundorum
932 2454 984 2506 aut
1005 2447 1248 2521 iniucundarnm,
1286 2447 1287 2504 l

236 2534 464 2594 metuendorum
478 2541 530 2596 aut
543 2552 601 2596 non
612 2534 841 2594 metuendorum
853 2530 1079 2605 deliberatione,
1101 2533 1140 2592 ad
1157 2552 1250 2611 quam

236 2635 328 2680 unam
354 2637 426 2679 sane
456 2619 537 2681 illam
566 2619 741 2681 referebant
770 2617 821 2695 qui
847 2617 967 2677 uirtutis
987 2616 1163 2694 dignitatem
1184 2637 1250 2678 uno

236 2704 374 2765 utilitatis
403 2704 503 2764 studio
532 2705 750 2766 terminabant:
777 2706 839 2765 imo
861 2717 928 2761 eum
950 2707 1115 2782 procerte
1138 2708 1171 2763 et
1192 2721 1250 2764 ex-

236 2790 356 2869 plorato
383 2789 530 2850 habemur
558 2809 622 2850 eam
651 2788 824 2861 seientiam,
858 2805 935 2864 quae
971 2789 1178 2866 requireretur
1207 2789 1250 2850 ad

236 2873 455 2956 fortitudinem,
476 2877 550 2936 item
564 2877 594 2936 in
616 2875 686 2934 boni
706 2873 844 2950 rectique
864 2872 1035 2951 cognitione
1056 2879 1147 2950 atque
1160 2882 1251 2934 certa

237 2961 331 3022 oflicii
353 2961 549 3038 persuasione
566 2960 697 3040 positam
717 2957 908 3018 iudicavisse.
959 2958 1133 3035 Quanquam
1152 2959 1251 3040 igitur

235 3046 313 3106 illud
341 3065 428 3106 snum
450 3050 552 3106 tuetur
574 3044 748 3116 decretum,
778 3059 837 3120 quo
858 3042 1014 3104 scientiam
1035 3046 1142 3104 atatuit
1164 3045 1250 3104 omni

114 3141 116 3149 ’
235 3131 341 3192 virtuti
362 3129 548 3190 fundamenti
569 3129 637 3189 loco
659 3129 802 3202 aarbeete,
824 3131 924 3188 tamen
944 3127 1019 3188 illud
1034 3129 1250 3207 ¹urbanissime

235 3217 423 3278 cavillatione
448 3217 486 3276 ad
514 3213 670 3292 sophistae
698 3218 830 3274 mentem
857 3214 1091 3291 interpretatur,
1124 3214 1174 3274 vel
1202 3217 1251 3275 sic

236 3301 380 3364 videlicet
396 3319 466 3360 eum
488 3315 692 3370 commoveor,
714 3304 749 3364 ut
770 3297 981 3358 tortitudinem
1002 3316 1122 3377 quoque
1142 3300 1250 3361 acien-

130 3421 133 3430 ·
235 3388 281 3448 tia
309 3387 456 3448 contineri
483 3383 629 3457 fateatur,
651 3383 708 3444 aed
728 3383 817 3444 simol
839 3382 898 3443 hoe
918 3383 1074 3458 alliciens,
1094 3390 1131 3446 ut
1152 3403 1249 3464 quor-

236 3492 303 3535 anm
331 3473 459 3532 istorum
487 3469 641 3528 hominum
665 3469 760 3530 virtue
783 3469 887 3528 tendat
908 3475 941 3528 et
962 3470 1034 3546 quid
1055 3471 1249 3547 propositum
1285 3459 1287 3500 i

234 3558 363 3631 haheat,
384 3553 549 3620 elariraime
569 3559 721 3634 appareat
766 3554 851 3631 Quae
873 3553 993 3632 quidem
1012 3554 1184 3633 disputandi
1197 3574 1249 3616 ra-

236 3645 281 3704 tio
313 3655 439 3720 prorsus
468 3636 576 3700 codem
603 3639 694 3699 modo
726 3644 848 3700 tenetur
869 3640 901 3700 iu
921 3655 959 3698 co
980 3639 1110 3718 dialogo,
1132 3640 1163 3700 ln
1185 3659 1249 3719 quo

236 3725 381 3807 pecrdiari
409 3740 504 3800 opera
530 3721 569 3783 de
601 3722 782 3786 tortitudine
816 3725 1005 3805 diaputator,
1040 3725 1114 3786 hoc'
1131 3730 1180 3786 eat
1215 3728 1248 3788 in

217 3813 386 3880 lachete,
409 3807 459 3885 qui
480 3805 588 3887 dignu·
609 3817 657 3870 eat
678 3815 713 3870 ot
734 3809 771 3870 ad
793 3814 891 3870 totum
910 3810 991 3870 hunc
1011 3809 1111 3870 locum
1136 3809 1247 3871 confe-

235 3908 329 3959 ratur.
371 3891 431 3952 lom
452 3891 501 3952 hie
522 3895 631 3956 auditis
653 3895 801 3976 sophista,
822 3911 914 3974 quum
935 3913 970 3954 ae
991 3901 1114 3974 praeter
1135 3914 1247 3974 exape-

237 3981 398 4053 ctationem
418 3976 517 4040 denuo
539 3979 725 4042 centuriatum
746 3979 857 4054 videat,
878 3985 963 4039 tanta
983 3978 1027 4037 i'ra
1054 3987 1088 4040 et
1108 3980 1248 4060 indigna·

165 4085 169 4090 ·
235 4070 320 4130 tione
340 4071 563 4142 commovetur,
589 4073 624 4126 ut
655 4061 782 4146 amplius
803 4062 991 4142 respondere
1012 4063 1096 4125 nolit.
1137 4065 1246 4144 ltaque

153 4170 155 4184 ¹
235 4145 388 4228 Socrates,
409 4149 539 4242 hominia
560 4153 688 4214 animum
708 4167 814 4216 rureoa
844 4147 1037 4230 placaturus:
1069 4149 1141 4232 Ego
1160 4169 1247 4229 cero,
