2584 4736
580 299 872 376 PRAEFATIO

221 493 292 554 ‘1¹²0-
308 473 431 546 adnimc
456 479 650 558 pmspccnu
675 473 789 546 habers
814 491 914 558 usqne
934 474 975 536 aar
993 468 1161 535 maestos·
1181 467 1242 529 rel
1279 491 1280 562 p

221 561 417 632 mediocriter
444 579 514 630 csse
541 563 748 632 exercitatum.
791 559 854 623 Sed
873 563 950 622 haec
972 561 1076 640 paucis
1099 573 1243 636 exposu-
1279 569 1280 574 ’

220 645 285 734 iate
306 636 450 734 sufficiet
491 645 649 727 Pergtmus
665 648 702 716 ad
716 668 762 724 eo,
784 666 861 730 quac
875 647 1019 727 deinceps
1030 644 1243 706 disseruntur.

301 775 409 863 xitallae
431 781 584 859 Socrates,
602 785 695 847 mlssa
715 781 805 845 huius
824 782 871 848 rei
884 781 1097 866 disputatione,
1118 771 1243 858 repen-

221 869 256 932 t'c
276 865 313 938 ad
334 869 392 933 alia
412 868 618 949 progreditur,
637 870 756 940 scilicet
779 867 926 931 similibus
948 868 1063 948 laqueis
1076 867 1243 928 hominem

222 953 366 1036 deinceps
389 953 683 1024 denuoirretitnrua,
723 955 832 1028 Eletus,
851 953 958 1032 lnquit,
976 953 1029 1014 arni
1049 951 1095 1012 rei
1110 967 1245 1030 semper

222 1057 315 1108 unum
335 1039 459 1111 'tentum
488 1041 688 1115 contrarium,
715 1040 811 1106 veluti
838 1031 930 1120 parvo
948 1039 1116 1118 maguum,
1150 1035 1244 1095 lrouo
1280 1081 1281 1148 1

221 1124 343 1199 malum,
363 1126 447 1216 turpi
467 1123 631 1188 hernestum
652 1125 856 1207 opponimusi
897 1125 949 1186 Ait
969 1123 1033 1206 ille.
1074 1120 1155 1201 Quid
1176 1120 1244 1200 igi-

222 1212 295 1277 ture
322 1211 493 1289 respondet·
521 1209 682 1285 Socrates;
709 1213 789 1272 itane
819 1211 910 1272 etiam
938 1207 1073 1290 singulae
1093 1208 1244 1280 virtutes,
1280 1235 1281 1268 ι

222 1314 297 1383 quas
326 1296 599 1370 commemorabas,
627 1295 833 1358 tantummodo
862 1315 954 1359 uuarm
976 1293 1113 1374 quiddam
1134 1293 1244 1376 lrabe-

222 1381 299 1451 bunt
318 1383 518 1458 eontrarium,
546 1381 641 1448 veluti
660 1383 824 1462 sapientiae
846 1372 986 1463 opposita
1007 1381 1067 1441 erit
1088 1379 1242 1462 insipien·
1280 1411 1281 1416 κ

224 1467 291 1536 tial
332 1465 451 1534 Rursus
473 1467 637 1537 assentitur
659 1467 852 1549 Protagoras.
895 1465 976 1528 Tum
1000 1485 1073 1526 vero
1099 1463 1153 1546 ille
1174 1463 1244 1523 hoc
1280 1521 1281 1524 ,

225 1551 433 1630 superioribus
464 1552 615 1616 adversari
635 1571 765 1636 arguens
787 1552 1027 1634 sapientiam
1048 1556 1080 1612 et
1100 1548 1243 1627 prudeu-
1281 1574 1282 1640 p

223 1633 297 1706 tiam
317 1657 410 1707 uuum
429 1638 570 1720 idemque
591 1659 661 1702 esse
681 1640 812 1721 probare
828 1644 964 1712 conatur,
985 1633 1243 1715 quemadmodum

224 1727 315 1791 satec
333 1724 479 1794 iustitiam
500 1732 533 1785 et
553 1725 697 1804 pietatem
717 1743 777 1795 uon
798 1723 878 1785 inter
899 1743 934 1784 se
955 1722 1079 1783 differre
1100 1721 1244 1800 captiose
1281 1787 1282 1796 ,

225 1806 424 1878 concluserat.
466 1810 569 1886 Quid?
590 1812 704 1891 iuquit:
725 1811 868 1876 haeccine
883 1807 1137 1880 adversanturiis,
1160 1825 1244 1904 puae
1281 1829 1282 1896 l

224 1899 314 1961 inies
343 1893 382 1961 de
406 1896 542 1982 partibus
559 1897 695 1968 ,virtutis
719 1897 799 1958 inter
819 1915 855 1959 se
877 1896 1003 1957 diversis
1024 1900 1057 1954 et
1077 1891 1244 1952 contrariis

225 1977 352 2048 dixisti‘t
373 1997 441 2041 nam
461 1980 625 2044 secundum
644 1983 705 2045 istc
717 1982 883 2063 sapientiae
899 1987 1023 2057 praeter
1033 1977 1242 2055 insipientiam
1281 1991 1282 2062 q

225 2065 317 2134 etiam
338 2065 496 2144 prudentia
518 2074 585 2129 erat
605 2067 753 2150 opposita.
796 2067 894 2144 Quum
915 2066 1009 2145 igitur
1020 2065 1072 2123 nni
1084 2065 1132 2123 rei
1145 2080 1244 2123 sunum

226 2168 348 2230 semper
376 2152 418 2212 sit
445 2144 643 2228 scacarium,
673 2152 787 2220 rectius
815 2153 920 2229 utique
948 2149 1183 2228 sapientiam
1207 2153 1244 2207 et

226 2233 480 2315 Pilldeniitm
500 2244 572 2305 cs'c
592 2233 719 2306 inuicem
740 2238 815 2300 nihil
835 2237 959 2297 differre
981 2241 1158 2298 statuemus.
1201 2231 1243 2293 P.

225 2320 300 2383 882.
321 2321 359 2384 A.
379 2355 422 2374 -ψ
451 2323 525 2391 333.
547 2323 582 2392 Β.
608 2358 642 2369 -
690 2324 752 2385 Sed
779 2341 952 2404 pergamus,
976 2321 1083 2402 inquit,
1105 2315 1143 2382 ad
1161 2315 1243 2378 'alias

225 2406 371 2481 virtutes,
391 2406 620 2489 videamusque,
642 2427 719 2494 quae
746 2407 867 2476 taudem
889 2408 968 2467 inter
989 2403 1244 2491 prudentiam
1282 2399 1283 2472 l

227 2497 260 2552 et
278 2491 482 2564 iustitiam
509 2489 591 2562 ratio
616 2494 799 2564 intercedat.
848 2491 997 2555 Potestne
1025 2491 1111 2570 lieri,
1139 2494 1174 2550 ut
1192 2490 1243 2550 vir

225 2577 355 2647 iniustus
382 2577 459 2657 agot*
478 2579 669 2662 prudenter?
719 2577 900 2666 Respondet
925 2576 1068 2638 adhaec
1101 2572 1243 2654 sophista

226 2662 318 2742 vulgo
339 2664 459 2741 quidem
481 2673 565 2735 corte
585 2669 628 2731 ita
648 2666 755 2732 sideri.
798 2663 903 2741 ltaque
928 2663 1006 2728 hanc
1028 2679 1148 2740 quoquo
1169 2677 1243 2719 sen·
1282 2713 1283 2746 ,

226 2747 357 2815 tentiam
374 2748 563 2821 refutaturus
584 2752 727 2812 Socrates
747 2748 936 2831 prudentiam
959 2755 992 2809 et
1012 2748 1157 2807 iustitiam
1178 2761 1239 2826 pro
1282 2757 1283 2831 l

226 2853 287 2903 auro
311 2834 476 2914 eademque
496 2838 609 2906 virtute
625 2834 779 2904 habendas
800 2835 947 2900 essehoc
967 2833 1035 2898 fere
1049 2837 1242 2910 argarmenta-

226 2921 311 2989 tione
333 2921 542 2989 demonstrare
562 2923 704 2993 instituit,
747 2917 877 2992 Omnes,
892 2920 999 3000 inquit,
1021 2937 1067 2992 ea,
1089 2915 1242 2997 quaesibi

89 3037 97 3057 ε
226 3005 313 3072 utilia
334 3024 403 3073 esse
424 3015 542 3088 putant,
563 3007 650 3070 amice
671 3004 940 3086 oppeteresoleut.
982 3004 1067 3081 Quae
1087 3007 1159 3064 sunt
1178 3001 1242 3062 uti-

227 3089 283 3165 lia,
312 3110 348 3161 ea
377 3093 469 3160 etiam
496 3093 582 3162 bona.
625 3092 684 3169 Qui
704 3091 781 3160 facit
802 3109 878 3170 quae
898 3091 976 3158 boue
997 3093 1083 3162 sunt,
1105 3087 1131 3147 is
1153 3093 1242 3147 recte

227 3175 310 3243 facit.
354 3176 413 3253 Qui
438 3184 525 3240 recte
552 3173 647 3251 facit,
674 3175 840 3256 prudenter
861 3176 963 3240 facere
984 3169 1159 3238 iudicandus
1179 3167 1239 3233 est.

228 3262 329 3338 Quum
349 3264 445 3342 igitur
467 3265 516 3342 qul
539 3264 706 3353 prudenter
728 3263 791 3344 agit
810 3261 902 3340 iaciat
923 3263 1115 3333 item'recte,
1137 3259 1240 3335 sequi·

227 3354 281 3418 tur
300 3353 346 3423 ut,
368 3349 394 3408 si
416 3343 484 3428 quls'
504 3349 615 3410 iniuste
636 3350 708 3428 agit,
729 3349 756 3410 is
777 3349 950 3434 neutiquam
964 3344 1131 3426 prudenter
1148 3361 1242 3421 agere

179 3457 181 3467 ι
226 3435 330 3520 putari
350 3432 470 3500 debeat.
512 3434 610 3496 Nemo
632 3435 713 3494 enim*
732 3434 866 3514 prudeus
888 3448 964 3510 quae
984 3432 1119 3491 iustitiae
1134 3428 1240 3489 adver-

230 3526 336 3586 santur
357 3518 436 3586 vellc
457 3538 585 3599 unquam
607 3526 720 3598 potest.
761 3517 851 3578 Unde
872 3516 1025 3596 colligitur
1045 3515 1240 3577 iustitiam

228 3611 261 3664 et
280 3605 528 3684 prudentiam
551 3625 574 3668 a.
597 3604 905 3683 temperantiam
926 3622 987 3671 uon
1015 3620 1085 3666 esse
1105 3600 1240 3672 diversas

227 3690 365 3760 virtutes.
409 3689 442 3774 Β.
463 3689 535 3754 332.
557 3691 594 3752 Λ.
617 3703 664 3735 -d
677 3689 751 3753 333.
772 3689 809 3758 ld.

311 3808 432 3874 Nemini
455 3804 547 3876 focile
568 3811 731 3878 obseratum
753 3809 829 3884 erit,
850 3806 911 3868 hcc
933 3822 1052 3886 quaque
1073 3806 1143 3867 lccc
1164 3806 1240 3867 Pro·

227 3900 364 3973 tagoram
393 3896 508 3973 argutis
536 3893 788 3957 conclusiunculis
820 3892 925 3954 deludi
953 3900 1045 3970 atque
1072 3889 1179 3952 callide
1200 3910 1239 3952 eo

228 3979 418 4060 permoveri,
441 3985 476 4048 ut
497 4000 587 4058 (qutun
608 3987 696 4042 alateo
716 3981 845 4048 virtutes
866 3995 971 4039 omues
992 3979 1073 4038 inter
1094 3996 1130 4039 se
1151 3978 1240 4056 plane

229 4065 381 4134 seiunctos
403 4084 439 4126 ac
459 4073 616 4146 separatas
637 4084 706 4128 esse
727 4065 912 4137 iudicaverit,
933 4069 1033 4126 umen
1045 4065 1105 4124 iam
1121 4063 1238 4141 sapien-

229 4150 301 4212 tirm
323 4147 480 4237 (coplas)
502 4157 535 4212 et
556 4142 788 4238 σωφροσύνην,
809 4151 944 4227 itemque
965 4140 1185 4237 coppocainno
1206 4151 1239 4210 et
