2584 4736
154 267 181 358 s
259 314 302 380 ru
406 279 410 288 ’
622 309 943 378 annonario.

259 483 348 548 unice
369 481 490 546 virtutis
509 482 630 546 nomine
650 480 773 562 δίςιιιιιι
793 481 915 558 lubuit,
943 481 1060 564 quippe
1084 479 1165 562 quod
1195 498 1286 562 urm,

233 581 235 586 “
260 570 333 632 honi
356 569 538 648 honestique
565 567 737 647 cognitione
764 574 797 632 et
824 569 902 631 recti
928 562 1113 632 couscientia
1139 569 1286 630 coelun-¹

206 657 209 668 '
260 661 342 718 ctum
362 660 464 729 esset,
484 653 564 716 veria
585 652 775 734 philosophis
795 658 937 732 tauquam
958 654 1114 734 proprium
1133 653 1267 716 vultm-

257 742 316 804 rit.
356 739 452 818 Quam
480 737 601 820 quidem
627 738 806 800 sententiam
834 757 919 800 suam
945 739 1109 802 illustravit
1139 739 1203 814 hic,
1231 745 1269 800 ut

260 844 353 888 uuum
372 843 547 904 germanum
568 823 799 904 philosophum,
828 822 1003 900 Socratem,
1032 824 1122 886 huius
1143 824 1286 886 virtutis<

208 950 213 963 ι
260 910 419 992 perlectae
439 914 472 971 et
492 915 715 970 consummatae
735 908 915 988 participem
937 928 1008 972 ease
1028 908 1183 984 (tonuerit,
1211 928 1267 970 eo·

259 996 378 1076 phiatas
404 1001 505 1056 autem
533 999 566 1058 et
592 995 672 1056 viros
700 993 803 1057 civiles
831 995 878 1056 vel
907 1012 979 1058 casu
999 987 1116 1057 tunium
1143 1000 1178 1056 et
1199 993 1267 1054 for-

18 1154 23 1165 ,
137 1083 141 1089 “
259 1083 355 1154 tuito,
383 1079 433 1140 sel
456 1097 581 1144 muuese
608 1077 735 1158 quodam
766 1077 866 1142 divino
892 1074 992 1162 (detq
1016 1077 1153 1161 μοίρᾳ),
1182 1077 1216 1142 h.
1239 1097 1267 1140 e.

260 1165 406 1247 singulari
417 1165 543 1244 quadam
556 1169 679 1225 natume
692 1163 828 1226 honitate
842 1165 982 1228 diuinitus
993 1170 1127 1242 acceptu,
1148 1161 1187 1224 ad
1208 1163 1269 1224 mi·

207 1269 213 1286 ¹
259 1271 366 1314 norem
394 1249 514 1342 quidem
544 1250 663 1314 virtutis
683 1251 916 1334 praestantiam,
944 1255 976 1312 st
995 1248 1033 1309 ad
1053 1249 1196 1310 virtrrtem
1219 1254 1268 1310 ta·

258 1357 330 1400 men
350 1336 479 1414 aliquam
499 1335 658 1413 pervenire
678 1352 771 1414 posse
787 1352 847 1416 nou
858 1337 925 1400 sine
937 1333 1063 1418 quadam
1075 1333 1270 1398 multatione

205 1425 208 1436 ⁴
258 1420 457 1485 affirmaverit
476 1425 509 1484 et
527 1419 718 1483 contenderit
737 1415 781 1502 *).

343 1573 487 1636 Putamus
523 1578 624 1636 antem
643 1572 819 1641 Platonem
847 1575 879 1638 ln
906 1573 966 1638 hoo
989 1577 1166 1654 argumento
1194 1572 1269 1635 lliu-

231 1673 236 1676 “
259 1659 383 1724 strando
403 1660 446 1722 ite
465 1663 616 1720 versatum
638 1677 719 1736 esre,
740 1666 774 1722 ut
794 1681 812 1722 a
833 1660 1014 1740 singularum
1026 1661 1172 1722 virtutum
1191 1677 1269 1720 oon·

234 1767 235 1770 ¹
259 1745 442 1806 sideratione
462 1745 580 1806 initium
602 1742 727 1820 fecerit,
759 1765 796 1808 ac
823 1745 932 1808 deiude
952 1743 1106 1824 pandlatlm
1127 1745 1167 1806 ad
1188 1744 1269 1806 alios

258 1829 344 1892 locos
378 1829 522 1891 finitimos
550 1829 799 1912 pervestigandos
830 1831 994 1894 transierit.
1043 1827 1131 1907 Quod
1158 1834 1195 1889 ut
1223 1830 1269 1890 ita

258 1921 443 1990 statuamus,
463 1907 563 1994 ‘quum
591 1915 658 1996 ipsa
684 1915 731 1977 rei
751 1922 873 1991 natura,
901 1922 966 1976 tum
993 1931 1099 1976 eornm
1127 1912 1268 1994 dialogo-

259 2021 338 2076 rrnn,
360 2001 411 2080 qui
431 2000 492 2060 hoc
513 1999 678 2081 pertinent,
700 2003 777 2062 ratio
799 2007 831 2064 et
847 2005 1056 2079 argumentum
1076 1998 1207 2062 suadere
1221 2001 1286 2070 vi-,

199 2153 204 2163 .
258 2087 356 2147 detur.
398 2084 541 2162 Accedit,
570 2087 651 2164 quod
671 2087 752 2148 inter
773 2104 827 2148 eos
847 2085 942 2146 lihros
970 2090 1057 2160 suut,
1088 2102 1164 2164 quos
1193 2081 1286 2164 ante]

259 2171 394 2232 Socratis
420 2176 550 2233 mortem
573 2169 671 2234 literis
697 2171 887 2251 consignatos
913 2187 983 2234 esse
1004 2169 1081 2231 satis
1099 2175 1188 2232 certo
1212 2169 1286 2232 err-l

258 2258 408 2338 ploratum
436 2255 592 2320 hahemus.
633 2253 739 2336 ltaqoe
763 2257 795 2317 in
821 2253 958 2317 Lachete
984 2259 1018 2316 et
1046 2254 1211 2316 Charmide
1236 2258 1286 2335 in,

258 2361 319 2412 uno
348 2340 474 2403 Socrate
501 2359 603 2404 veram
628 2347 662 2403 et
688 2339 871 2420 philosopho
903 2339 1023 2421 dignam
1050 2339 1269 2404 fortitudinem

257 2427 358 2488 fuisse
380 2427 423 2488 ita
444 2427 592 2501 docetur,
620 2432 655 2487 ut
674 2426 815 2505 vulgares
836 2424 875 2488 de
894 2424 944 2486 hia
962 2426 1126 2508 ‚munuum
1143 2425 1268 2506 opinio-

256 2531 314 2578 nes
340 2512 381 2575 ad
405 2529 539 2578 normam
566 2510 777 2594 philosophiae
806 2509 979 2572 Socraticae
1006 2509 1163 2590 exigantur
1183 2511 1268 2589 lepi-

258 2598 359 2676 deque
385 2599 642 2678 perstringantur3
669 2596 810 2658 similiter
838 2595 1111 2674 in‘hluthyphrone
1138 2594 1185 2654 illi
1214 2595 1269 2656 uni

260 2685 388 2750 maxime
409 2684 507 2762 pietas
534 2681 708 2754 vindicatur,
735 2681 807 2742 dum
834 2681 947 2741 ceteris
972 2681 1177 2754 ahiudicutur,
1213 2687 1268 2744 ut·

260 2772 336 2848 p'ote
363 2767 574 2848 superstitioni
597 2764 740 2838 addictis3
771 2767 803 2827 in
823 2764 958 2832 Menone
981 2783 1073 2846 porro
1097 2763 1269 2844 explodun-

260 2861 314 2915 tur
341 2853 499 2934 sophistae
521 2872 558 2914 ac
577 2849 632 2910 riri
662 2847 781 2925 ciuiles,
810 2869 937 2929 quorum
957 2851 1047 2912 alteri
1067 2850 1125 2912 sihi
1144 2854 1270 2924 temere

175 2970 180 2990 .
259 2939 380 3000 uirtutis
400 2939 555 3000 scientium
574 2932 787 3014 docendaeque
806 2934 984 3004 facultatem
1003 2935 1196 3016 arrogabant,
1217 2937 1269 2998 al·

259 3026 321 3086 teri
344 3025 375 3085 in
403 3041 520 3085 summo
549 3017 753 3098 sophistarum
789 3026 943 3083 contemtu
972 3026 1073 3082 tamen
1105 3020 1270 3102 praeclara

260 3109 380 3171 uirtutis
401 3109 495 3170 civilis
516 3103 761 3177 exercitatione,
774 3124 862 3183 quem
891 3106 949 3168 sihi
970 3106 1089 3170 scilicet
1108 3105 1268 3185 propriam

261 3214 332 3256 esse
349 3193 508 3264 uolebant,
528 3188 608 3252 inani
628 3186 712 3249 fastu
734 3191 965 3271 superbiebant,
994 3191 1102 3268 quihus
1123 3191 1268 3254 omnihus

261 3281 333 3341 dum
360 3296 397 3340 ea
423 3271 630 3339 tautummodo
657 3272 770 3350 uirtus,
801 3278 828 3340 sl
854 3295 931 3356 quae
958 3275 1047 3350 insit,
1072 3273 1267 3358 relinquitur,

261 3382 338 3445 quae
363 3362 488 3425 scientia
514 3359 555 3443 sit
583 3356 753 3435 destituta„
773 3367 807 3424 et
833 3381 892 3422 una
911 3366 996 3421 recto
1016 3359 1191 3441 opinatione
1211 3369 1268 3424 aut

260 3447 390 3511 naturali
411 3443 536 3525 quadam
555 3443 667 3522 logeuii
687 3444 822 3508 honitate
842 3446 1045 3522 contineatur,
1072 3461 1267 3522 consequens

237 3590 239 3601 .
262 3541 327 3612 est,
354 3540 389 3594 ut
415 3531 444 3592 ln
467 3527 594 3591 Socrate
622 3532 828 3594 tautummodo
850 3549 887 3592 ea
907 3531 1053 3610 sapientia
1072 3529 1174 3589 inesse
1195 3532 1266 3592 exi·

157 3653 161 3662 ·
262 3617 407 3682 stimanda
428 3614 486 3687 sit,
514 3632 591 3692 quae
611 3615 696 3676 omni
715 3616 820 3679 virtuti
840 3615 1027 3694 fundamenti
1046 3614 1114 3674 loco
1134 3612 1266 3677 subesse

261 3705 379 3769 debeat
423 3697 562 3760 Pertinet
583 3697 711 3779 denique
729 3702 789 3765 huc
802 3702 893 3764 etiam
908 3701 1128 3780 Euthydemus,
1148 3697 1179 3758 in
1200 3718 1265 3776 quo

132 3825 138 3836 ι
261 3805 364 3884 ,ιιιιοιοΙ
391 3782 523 3872 explosit
556 3803 660 3848 uanam
690 3785 771 3852 iliam
801 3787 1012 3870 garrulumque
1046 3779 1264 3864 sophistarum,

262 3969 460 3990 Μ

293 4085 319 4154 ·)
335 4083 425 4150 Neque
448 4085 516 4142 enim
533 4086 660 4142 oredimus
676 4087 813 4144 Platonem
833 4088 927 4142 hancce
949 4085 1071 4141 rimulam
1095 4081 1199 4134 adenh
1215 4099 1263 4135 ca-
1282 4147 1283 4152 η

345 4161 444 4214 tentem
462 4158 539 4224 vulgo
559 4156 689 4214 homiuum
709 4157 764 4212 sine
780 4159 955 4214 contemtione
970 4152 1080 4222 quadam
1103 4151 1261 4206 ahrhuisse.
