2586 4730
79 353 82 364 .
189 303 312 416 Ι,190
627 298 871 368 Pmoms
1138 399 1141 406 Δ

244 476 373 569 ῖατριῖν
395 459 580 568 θεραπείας
601 471 663 556 τός
687 470 742 546 διό
768 469 915 545 καύσεόν
939 499 975 544 τε
998 475 1055 544 και
1071 473 1191 562 τομῶν
1207 475 1255 543 καὶ

249 582 465 674 φαρμακειῶν
498 582 555 648 καὶ
587 579 804 665 λιμοκτονιῶν
835 571 1084 668 γιγνομένας,”
1067 599 1125 644 οτι
1151 579 1273 642 ταῦταλ

248 676 373 766 ἀγαθοὶ
397 685 457 768 μέν
480 687 579 760 ἐστιν,
593 673 727 799 ἀνιαρὰ
759 680 811 760 δέ,
835 715 886 728 --
910 686 1009 768 φαῖεν
1040 669 1096 745 όν.
1148 678 1253 744 Συνε·

194 793 220 860 Β
251 777 350 851 δόκει.
398 778 554 869 Πότερον
571 768 729 847 οὖνκατὰ
755 773 830 846 τόδε
855 774 979 863 ἀγαθοὶ
1004 771 1093 844 αὐτό
1120 781 1249 858 καλεῖτε,

250 879 305 950 ότι
336 888 372 950 ὲν
404 885 451 964 τῷ
484 878 687 970 παραχρῆμα
720 875 843 957 ὀδύνας
874 874 935 958 τός
959 875 1098 964 ἐσχάτας
1126 884 1253 965 παρέχει

248 985 305 1052 καὶ
329 980 526 1064 ἀλγηδόνας,
552 976 574 1063 6
600 976 652 1048 ὅτι
677 986 723 1058 εἰς
746 975 806 1047 τὸν
830 973 969 1068 ὕστερον
990 975 1116 1066 χρόνον
1142 976 1256 1064 ὑγίειαί

249 1107 285 1152 τε
310 1079 372 1150 ἀπ’
401 1081 512 1150 αὐτῶν
537 1086 709 1167 γίγνονται
734 1083 789 1148 καὶ
801 1078 919 1160 εὐεξίαι
933 1080 1000 1146 τῶν
1015 1075 1182 1163 στομάτων
1207 1082 1257 1148 καὶ

248 1185 318 1252 τῶν
332 1178 459 1252 πόλεων
475 1186 632 1269 σωτηρίαι
649 1183 705 1250 καὶ
718 1176 827 1247 ἄλλων
843 1178 943 1268 ἀρχαὶ
962 1182 1018 1246 καὶ
1031 1182 1174 1248 πλοῦτοι
1179 1209 1195 1264 ,-
1210 1215 1258 1232 -

250 1293 350 1376 φαῖεν
373 1279 427 1365 ἄν,
452 1281 496 1361 ὡς
520 1285 654 1369 ἐγῷμαι.
702 1277 894 1350 Συνεδόκει.
947 1281 1061 1346 Ταῦτα
1082 1283 1117 1347 δὲ
1136 1276 1256 1366 ἀγαθοί

251 1392 321 1451 ἐστι
352 1382 396 1450 δι’
436 1377 518 1450 όλλο
551 1408 584 1450 τι
616 1378 638 1463 6
673 1377 727 1451 ότι
752 1388 797 1460 εἰς
820 1376 946 1464 ἡδονὰς
970 1378 1180 1467 ἀποτελευτᾷ
1204 1385 1257 1448 καὶ

251 1485 365 1551 λυπῶν
388 1479 586 1566 ἀπαλλαγάς
608 1507 644 1550 τε
659 1479 950 1570 καὶάποτροπόςς
976 1476 995 1563 6
1021 1483 1105 1568 ἔχετέ
1131 1507 1166 1548 τι
1175 1477 1257 1549 ἄλλο

200 1592 227 1656 0
255 1587 347 1662 τέλος
377 1586 496 1668 λέγειν,
530 1584 616 1661 εἰς
606 1579 624 1650 6
659 1579 911 1676 ἀποβλέψαντες
936 1577 1024 1648 αὐτό
1049 1578 1176 1669 ἀγαθὰ
1200 1609 1260 1650 κα-

249 1688 343 1764 λεῖτε,
369 1681 444 1752 ἀλλ’
474 1678 538 1726 *
519 1709 541 1765 6
566 1678 588 1719 *
613 1680 738 1764 ἡδονάς
762 1707 797 1750 τε
821 1685 878 1750 καὶ
901 1679 1026 1766 λύπας,
1050 1720 1103 1733 -·-
1129 1679 1191 1750 οὐκ
1215 1678 1260 1750 δν

250 1795 366 1878 φαῖεν,
391 1781 434 1861 ὡς
458 1772 592 1871 ἐγῷμαι.
644 1781 726 1852 Οὐδ’
757 1784 829 1869 ἐμοὶ
854 1784 951 1862 δοκεῖ,
975 1779 1083 1874 ἔφη
1069 1808 1088 1850 ο
1112 1765 1263 1872 Πρωτα-
1277 1846 1278 1860 ,

250 1883 366 1974 γόρας.
419 1883 550 1952 Οὐκοῦν
577 1879 637 1967 τὴν
661 1887 722 1971 μὲν
745 1877 870 1966 ἡδονὴν
896 1879 1068 1950 διώκετε
1048 1908 1093 1961 ως
1117 1881 1261 1968 ἀγαθόν

250 1981 307 2064 όν,
343 1980 405 2066 τὴν
441 1988 474 2052 δὲ
507 1981 615 2065 λύπην
645 1983 779 2075 φεύγετε
812 1979 856 2060 ὡς
892 1981 1016 2076 6666,-
1063 1983 1261 2054 Συνεδόκει.

254 2083 356 2152 Τοῦτ’
387 2078 455 2173 ἄρα
478 2080 674 2168 ἡγεῖσθ’
644 2109 729 2154 ειναι
741 2106 854 2162 κακον,
878 2078 941 2164 τὴν
957 2079 1076 2164 λύπην,
1101 2088 1159 2152 καὶ
1174 2084 1263 2172 ἀγα-

249 2181 324 2253 θόν
349 2181 411 2266 τὴν
436 2182 580 2267 ἡδονήν,
606 2188 675 2252 ἐπεὶ
700 2187 757 2252 καὶ
782 2177 866 2250 αὐτὸ
893 2179 931 2251 τό
954 2187 1083 2272 χαίρειν
1107 2183 1183 2254 τότε
1210 2191 1264 2254 λέ-

250 2311 321 2374 γετε
345 2281 450 2370 κακόν
464 2282 577 2368 εἶναι,
604 2281 689 2352 όταν
713 2309 802 2373 με
753 2282 890 2382 Ωον
893 2280 1068 2378 ἡδρνιῦν’
1049 2308 1219 2380 αποστερη
1240 2314 1262 2368 η

251 2382 332 2484 όσας
358 2381 442 2454 αὐτὸ
464 2357 585 2474 λχει,’
566 2411 587 2467 η
613 2382 720 2466 λύπας
735 2388 863 2473 μείζους
877 2371 1109 2480 παρασκευάζῃ
1134 2389 1202 2456 τῶν
1200 2358 1280 2456 ev?

318 2648 351 2700 Ρ
369 2653 428 2699 994.
463 2645 593 2705 τδςδιδι
612 2645 1064 2719 καόσειότττιιαδτομοῖνΠ.
1081 2646 1130 2713 τός
1149 2647 1193 2704 δεδι
1211 2656 1265 2704 τοῖν

248 2734 273 2770 ι
308 2718 362 2768 Sed
380 2723 429 2768 τῶν
446 2729 499 2768 σοι
517 2715 593 2768 codd
609 2717 664 2769 fere
680 2733 778 2769 omnes.

319 2786 352 2837 Β.
386 2785 425 2853 ύγ
431 2783 632 2836 ‘usaivida'
652 2783 774 2852 αὐτῶν]
799 2785 830 2837 V.
850 2783 937 2854 υγειιιύ
952 2804 994 2852 τε,
1012 2793 1102 2839 contra
1119 2799 1195 2840 usum
1214 2789 1262 2840 At-

250 2805 543 2906 tinorum.v.⁷.1²06son
561 2853 594 2904 ed
611 2852 698 2919 Eurip.
718 2855 803 2904 Orest.
820 2870 843 2904 v.
864 2861 922 2904 999
957 2855 1022 2908 Mox
1039 2875 1089 2906 τοι
1098 2854 1200 2906 πολεων
1212 2875 1261 2907 αα

250 2928 339 2988 τηρλαε
356 2922 432 2974 codd
451 2922 552 2989 plurimi
569 2926 647 2987 atque
664 2922 755 2988 optimi
772 2938 819 2989 pro
837 2942 861 2972 τ
879 2941 906 2974 π.
917 2926 1037 2988 σωτηρία.
1070 2923 1220 2976 DeinFior.
1236 2926 1261 2973 b

250 2993 361 3042 καὶτῶν
378 2991 460 3042 ἄλλων
477 2990 563 3059 ἀρχαί.
597 2991 763 3044 Heindorfius
780 2997 825 3044 aut
840 2992 924 3043 ἄλλων
941 2992 1021 3045 deleri
1038 2991 1174 3044 θηλύλλαι
1185 2991 1262 3045 scribi

250 3061 340 3112 voluit
460 3097 463 3102 -

310 3125 350 3188 Ι(1.
383 3125 484 3177 ἀλλ’
498 3125 514 3191 ἢ
527 3123 678 3210 ἡδριίς
696 3125 775 3192 τε]
759 3147 773 3190 6
793 3128 901 3179 accessit
919 3127 952 3181 de
969 3127 1092 3194 Stephani
1101 3129 1261 3183 coniectura

320 3192 458 3261 φεύγετε
476 3193 513 3255 ὣς
528 3193 643 3259 κατότς
660 3197 775 3245 Συνεδ
777 3194 788 3260 ]
805 3191 872 3247 Post
888 3197 966 3246 κακόν
979 3197 1118 3248 Cornarius
1131 3194 1262 3249 iudicdbat

252 3261 414 3317 inserendum
432 3281 491 3319 esee
508 3269 581 3334 φαῖεν
596 3262 645 3328 ἄν,
663 3264 715 3315 ut
708 3279 734 3316 ιιι
751 3266 924 3331 superioribus
940 3265 1044 3318 sactum.
1077 3264 1114 3318 Et
1132 3266 1263 3334 expressit

250 3479 414 3550 μουτοιλει
441 3481 571 3548 estquod
592 3497 640 3535 σοι
663 3479 727 3535 dier
777 3479 1200 3553 nuii.]V.p..pndAolSoer
1202 3490 1262 3538 .94.

250 3566 309 3604 mus
327 3549 593 3615 dieHungerkur.
611 3566 635 3607 v
648 3550 729 3603 Foe
779 3553 808 3604 C.
827 3553 861 3604 ad
877 3552 1008 3604 Phaedon
1028 3570 1052 3619 p
1072 3558 1113 3604 81.
1134 3555 1167 3605 Β.

250 3620 317 3670 nius
335 3620 360 3670 in
380 3619 478 3670 Oecon.
495 3619 619 3706 Hippoer.
631 3637 656 3686 p.
669 3625 735 3670 996.
812 3619 851 3678 ὡς
877 3618 1051 3686 ἀγαθὸν
1035 3640 1091 3670 οι·
1083 3626 1109 3684 ,]
1147 3621 1262 3674 Partiei·

283 3688 315 3738 B.
351 3686 556 3737 ταῖᾶλλυτα
541 3687 653 3754 ἀρχαί]
672 3689 729 3740 Ge
777 3705 848 3755 prum
865 3708 896 3738 ον
913 3689 1062 3755 praedicato
1075 3691 1263 3744 accommoda

249 3753 342 3808 nitivur
376 3753 460 3806 ἄλλων
492 3753 594 3806 additus
626 3758 728 3808 videtur
777 3763 833 3808 tum
850 3763 899 3808 est.
931 3758 1049 3814 Debebat
1071 3760 1137 3810 enini
1156 3759 1261 3825 proprie

250 3822 426 3876 eoneinnitatis
461 3837 546 3873 cauea.
590 3823 728 3876 Praecedit
777 3841 836 3876 esse
858 3819 946 3875 οὖσαν.
987 3827 1028 3877 De
1050 3826 1109 3893 Rep
1112 3828 1164 3879 ubi.
1193 3829 1214 3880 l.
1237 3843 1260 3892 p

250 3892 317 3944 enim
340 3892 384 3942 καὶ
406 3889 498 3946 εόεξῖοι
522 3895 572 3942 τῶν
604 3892 727 3958 σωμάτιον
777 3898 836 3942 994.
860 3893 894 3944 Gr
924 3892 960 3944 τό
989 3894 1126 3945 δίκαιον
1152 3894 1219 3984 μὴ
1223 3893 1262 3946 οῖ·

249 3959 292 4008 καλ
309 3965 357 4010 τῶν
373 3959 470 4010 πόλεων
487 3961 618 4027 σωτηρίαι.
657 3961 727 4012 Male
778 3962 812 4022 δα
828 3989 878 4022 -‚
914 3965 964 4012 εἴτε
996 3959 1076 4030 ἆρετεί
1104 3981 1146 4020 τις
1177 3957 1259 4016 οὖσα

249 4028 359 4080 coniecit
381 4026 597 4080 Heindoriiur
620 4028 727 4080 καδᾶλ-
776 4029 901 4096 τυγχάνει.
929 4031 1011 4094 Gorg.
1035 4047 1062 4096 p.
1088 4038 1149 4082 469.
1174 4031 1216 4084 E:
1240 4030 1259 4080 ελ

248 4093 324 4145 266²
310 4113 358 4163 αρχ
340 4097 394 4160 χαλ
776 4099 803 4148 δὲ
821 4097 849 4165 (6
869 4098 1057 4180 ῥητορικη)ι
1028 4119 1048 4164 μ
1051 4121 1065 4162 γ
1089 4099 1216 4169 τυγχάνει
1232 4099 1260 4150 δν

282 4159 313 4213 C·
354 4161 459 4212 ἀλλ’
476 4161 494 4228 6
512 4162 666 4231 ἡδονάς
691 4182 726 4218 τι
775 4185 869 4233 τουτο,
894 4165 985 4220 ubiv
1008 4173 1095 4220 annot.
1135 4169 1257 4234 lufraP·
