2594 4734
362 259 731 378 perorationis.
1016 281 1064 348 ar·
1167 297 1171 304 ·

46 457 172 550 χρόνοζ
202 449 313 544 ἦλθεν
344 465 540 555 εἱμαρμένος
577 464 746 550 γενέσεως,
782 437 942 532 mnodum
973 456 1063 532 edrai

48 566 132 632 θεοὶ
156 564 219 648 γῆς
242 565 342 633 ἔνδον
361 569 397 632 ἐκ
421 566 490 674 γῆς,
508 565 566 634 καὶ
589 559 696 675 nuptie
724 561 876 656 μίξαντες
906 565 965 636 καί
993 563 1063 633 τῶν

50 790 150 848 dorlius
167 789 302 845 articulum
322 787 337 844 ὅ
360 797 421 846 ante
436 794 545 865 ιίμαρμ.
563 789 735 848 desiderabat.

49 960 315 1042 bulaeargnmentnm
322 965 456 1044 tractatur.
471 959 538 1014 Ete·
585 967 659 1028 rent,
685 962 732 1016 sed
751 967 850 1018 temere
866 960 952 1016 omnia
968 960 1064 1016 nisce·

50 1031 200 1149 nullu
219 1019 538 1152 ααανααίί
585 1031 979 1168 {instituerunt-0,
993 1031 1065 1166 lu

52 1181 84 1217 se
105 1181 173 1216 nexa
195 1165 337 1218 videantur.
372 1114 414 1220 irs
435 1179 486 1232 que
507 1182 538 1219 re
586 1169 690 1222 tironem
711 1167 898 1222 etPausaniam
914 1169 939 1221 in
953 1167 1066 1236 Sympo-

51 1238 192 1302 perspeete
216 1232 357 1301 disputavit
380 1235 493 1288 Groen
512 1250 537 1287 v.
586 1239 635 1302 sio,
653 1240 718 1290 alios
735 1238 790 1290 aliis
804 1238 828 1290 in
845 1237 924 1302 libris,
942 1251 993 1290 non
1010 1236 1066 1288 sina

52 1303 289 1355 Prinaterer
326 1301 537 1370 Prosopograph.
586 1307 727 1358 acerbitate
737 1305 899 1374 perstrinxit.
934 1305 975 1358 De
991 1304 1066 1357 Pan-

51 1371 157 1422 Platon.
167 1386 193 1437 p.
204 1374 247 1422 88.
273 1369 372 1436 „Nem
389 1372 469 1438 inquit
486 1371 538 1436 ille,
586 1376 674 1427 sanine
696 1375 812 1426 orations
837 1389 861 1426 ν.
887 1372 921 1425 ad
934 1372 1067 1440 *sympoe

53 1440 87 1503 si,
100 1443 239 1504 postquam
250 1439 539 1492 narratnmeasetPru·
586 1460 614 1511 p.
633 1449 693 1508 au,
709 1443 754 1495 ubi
770 1456 836 1508 quse
853 1440 1012 1502 dictasunt,
1031 1456 1066 1493 ea
1107 1483 1108 1493 ,

53 1506 188 1560 naetheurn
218 1504 267 1570 τὴν
298 1509 412 1573 lesmor
443 1511 540 1574 σοφίαν
586 1526 705 1578 magnam
728 1515 828 1580 partem
848 1510 927 1562 etism
947 1507 981 1562 da
997 1508 1067 1561 Pro·

54 1573 104 1626 eis
137 1573 201 1642 napi
236 1572 379 1628 hominibus
416 1575 528 1628 donasse
586 1586 695 1646 tagorae
718 1580 835 1631 oratione
860 1575 1068 1630 valere'lndiea·

54 1642 121 1695 lraec
148 1649 330 1707 sequerentur:
362 1643 448 1708 insedi
474 1645 536 1696 ilo
587 1659 655 1702 mus.
690 1647 812 1699 Ceterum
829 1646 883 1698 Pro
929 1660 991 1699 orae
1008 1661 1067 1712 nsp-

53 1711 198 1778 ἅνθραπος
220 1713 300 1766 eatae
315 1715 419 1779 μετίσχε
434 1714 537 1782 μοίρας,
588 1717 661 1769 thum
677 1715 881 1773 referuntetiam
931 1714 1067 1766 imerius

54 1785 161 1848 upum
188 1781 234 1846 pair
259 1779 303 1832 διὰ
332 1781 381 1845 τὴν
402 1801 426 1831 τ.
451 1786 483 1836 θ.
508 1787 538 1833 et
587 1787 659 1838 Orat.
683 1784 753 1836 XXI.
779 1785 803 1848 S.
832 1785 873 1832 lu.
899 1797 926 1850 p.
948 1787 1007 1834 m.
1023 1779 1065 1835 ed.

53 1865 124 1914 quse
140 1865 166 1914 p.
187 1853 245 1900 ³2².
262 1853 294 1900 A.
318 1849 392 1916 plura
409 1851 537 1916 leguntur,
586 1852 744 1906 Wernsdori.
762 1849 874 1904 Inliaa.
890 1851 964 1904 Orat.
977 1849 1022 1906 vt.
1040 1865 1070 1918 p·

54 1918 113 1982 quis
142 1916 246 1976 tandem
276 1917 368 1984 aliquid
396 1918 538 1982 requireret
588 1928 646 1974 195.
672 1922 714 1973 ed.
740 1920 878 1986 spanhem.
905 1917 1069 1974 Thamiai.

54 1991 102 2036 aut
127 2000 179 2036 non
203 1985 289 2037 omnia
312 1987 408 2052 optime
424 1987 492 2038 inter
508 2000 538 2040 se
587 1993 660 2044 Orat„
682 1989 789 2042 XXVII.
813 2006 838 2056 p.
858 1991 917 2040 338.
935 1994 963 2040 el
983 1989 1068 2040 celato

55 2058 246 2172 titilus?
263 2053 457 2173 &iiiiii
474 2070 540 2188 3523
587 2058 894 2180 lllt‘llulu‘f
911 2055 1071 2176 illitu·

230 2139 238 2172 2
600 2147 608 2178 1
784 2157 791 2180 μ
847 2161 852 2174 ι
887 2163 893 2180 ,
929 2161 936 2175 ι
1059 2157 1068 2175 ο

54 2188 105 2239 τὸν
121 2191 179 2255 βίον
196 2143 438 2258 aoptavqiniiponos
455 2189 539 2260 ταύτῃ
588 2193 704 2262 Hygia.
720 2143 783 2247 Igab·
805 2196 863 2244 142.
890 2233 893 2240 .
971 2141 987 2190 η

55 2259 127 2322 ἔσχε,
150 2257 198 2322 τὴν
218 2260 244 2310 di
271 2259 407 2323 πολιτικὴν
430 2257 477 2310 οὐκ
501 2259 541 2310 εἶ·
624 2265 687 2330 Cap.
707 2261 754 2314 xl.
792 2256 898 2332 Oropspi
924 2258 956 2312 ul
976 2255 1067 2330 γένη]

55 2342 116 2392 χεν·
145 2319 177 2390 ἦν
199 2326 248 2394 γὰρ
271 2325 341 2393 παρὰ
364 2333 399 2396 τῷ
423 2326 484 2392 Διί,
512 2325 540 2380 id
588 2333 625 2388 Η.
645 2349 668 2384 e.
692 2327 854 2384 animalia.
888 2327 959 2383 Cave
975 2328 1071 2381 deso·

56 2393 128 2460 quod
149 2395 257 2460 primum
286 2395 333 2446 lroe
350 2397 409 2447 loeo
427 2401 467 2448 est
484 2397 540 2448 ine·
589 2403 620 2456 lla
639 2399 779 2452 hominibus
797 2397 957 2464 eogitdneris.

56 2470 141 2530 ptum,
159 2461 251 2514 deinde
269 2465 320 2514 ulio
340 2467 473 2516 mox·loc0
493 2463 540 2516 ex·
623 2471 655 2520 1).
690 2471 747 2534 γῆς
765 2469 859 2518 'ivuov
882 2469 914 2518 iu
937 2471 995 2534 γῆς
1016 2463 1071 2517 sui

57 2531 177 2597 ponitur:
205 2529 341 2596 πολιτικὴν
365 2533 414 2599 γὰρ
449 2535 540 2598 ripam
589 2535 696 2604 πυρὸς
715 2539 760 2604 μ]
788 2534 866 2590 Quod
889 2534 1008 2588 animalia
1030 2533 1072 2586 di-

56 2599 131 2650 asino
156 2598 230 2666 εἶκον,
243 2627 277 2638 -
296 2598 364 2660 Ζεὺς
386 2593 436 2652 orie
457 2601 542 2660 δείσας
590 2613 682 2657 cuntur
698 2606 815 2656 tellurem
832 2605 900 2670 intua
918 2621 934 2656 a
952 2603 1000 2654 diis
1016 2600 1072 2656 ior-

56 2687 82 2722 κ.
109 2687 133 2720 τ.
157 2668 180 2718 λ.
202 2686 227 2735 p.
246 2674 304 2720 322.
321 2669 353 2719 B.
389 2670 457 2738 Tum
474 2683 541 2735 qnae
572 2681 659 2726 mala
678 2689 745 2736 esse,
764 2671 958 2724 accommodate
975 2669 1025 2723 hoe
1038 2670 1090 2723 ad·

57 2754 84 2803 p.
102 2739 162 2790 aul.
180 2737 210 2786 c.
236 2738 269 2788 de
291 2737 343 2804 igni
364 2745 453 2805 erepto
471 2737 541 2790 refe·
590 2749 708 2803 veterum
742 2744 896 2806 populorum
926 2739 1071 2805 opinionem

57 2810 168 2869 rnntur3
186 2804 276 2858 eadem
294 2824 317 2872 p.
338 2811 396 2858 321.
414 2807 446 2858 l).
463 2807 495 2858 Ε.
515 2810 543 2858 et
590 2811 707 2875 fingitur,
735 2824 785 2873 qua
810 2813 907 2858 terram
929 2807 1072 2858 habuerunt

58 2879 120 2926 322.
136 2875 168 2924 A.
186 2874 212 2924 in
229 2877 315 2926 verbis
332 2880 367 2943 τῷ
385 2876 413 2928 dl
429 2875 543 2942 Προμη-
592 2891 755 2930 communem
789 2873 901 2926 omnium
929 2879 1072 2940 parentem,

58 2947 109 2992 θεῖ
125 2939 543 3010 είςμὲντὴνᾶκρόπολιν-’κλο-
592 2962 659 3012 quae
684 2944 803 2996 animalia
822 2948 850 2996 et
867 2941 981 2994 homines
1001 2941 1075 2994 ese·
1143 3003 1145 3006 ¹

58 3017 112 3074 πῆς
135 3011 194 3074 δίκη
218 3014 367 3078 μετῆλθεν,
395 3013 482 3079 paullo
493 3010 543 3068 ‚fu-
593 3013 676 3066 cundo
715 3013 814 3078 gremio
852 3025 900 3062 sno
937 3010 1075 3062 emisisset.

59 3080 115 3130 sins
137 3081 247 3144 repetita
276 3087 349 3144 sunt,
380 3081 465 3132 etita
488 3079 544 3145 qni·
578 3081 673 3137 ,Quod
692 3088 779 3132 nutem
798 3076 890 3133 eadem
907 3095 940 3132 ex
957 3085 1028 3132 terra
1047 3085 1075 3132 et

59 3149 137 3210 dem,
163 3152 193 3197 nt
217 3150 304 3214 potins
331 3149 483 3216 glossatoris
501 3163 544 3199 se·
593 3153 653 3218 igne
665 3149 869 3212 laetaniarum,
888 3148 999 3201 sortasse
1018 3147 1076 3216 plri-
1151 3183 1156 3191 1
1222 3223 1224 3231 Ι

60 3217 199 3267 dnlitatem
227 3217 324 3269 referre
345 3230 421 3284 quarn
434 3219 545 3281 elegan-
594 3218 717 3282 losoplnrs
734 3217 897 3268 Parmenidis
916 3215 1021 3268 decreta
1041 3215 1076 3266 ob

59 3286 126 3336 tiam
171 3283 333 3350 Protagorae
378 3285 518 3336 videantur.
526 3285 545 3312 ‘⁴
596 3289 685 3339 oculos
700 3284 795 3348 habuit,
813 3300 891 3350 quern
908 3289 1009 3336 constat
1023 3288 1078 3335 ter·

58 3351 195 3417 Quidquid
220 3353 295 3404 huius
322 3353 362 3406 rei
387 3358 443 3417 est,
474 3357 546 3404 certe
596 3371 651 3408 rarn
680 3359 707 3405 et
735 3353 821 3419 ignem
850 3367 938 3408 rernm
963 3352 1076 3405 omnium

60 3422 185 3474 existimo
207 3420 240 3473 de
262 3422 413 3487 glossatoris
446 3418 547 3472 addita·
597 3425 726 3479 abnuente
754 3419 891 3474 iudicasse.
923 3435 948 3472 v.
975 3420 1084 3472 Bran«,

61 3490 157 3541 mentis
174 3504 226 3540 non
236 3487 401 3556 cogitandum
414 3505 481 3554 ease,
500 3487 547 3540 sed
597 3491 656 3545 das
674 3491 902 3542 Commentatt.
918 3485 1040 3542 Eleatt.
1057 3485 1080 3538 Ι.

61 3559 88 3610 in
111 3574 142 3610 ea
166 3559 293 3609 sententia
316 3574 390 3623 sum,
410 3564 441 3610 ut
457 3557 548 3610 Plato·
574 3607 576 3612 ,
597 3579 623 3628 p.
643 3565 764 3623 lou'aqq.
794 3554 900 3640 prinde
921 3557 1000 3609 etism
1014 3569 1081 3639 pro-

61 3642 122 3679 nem
141 3631 231 3691 putem
244 3626 278 3678 de
290 3627 411 3678 industria
426 3642 548 3678 summa·
597 3629 681 3692 xima,
704 3626 749 3678 καί
769 3642 821 3678 των
842 3623 892 3678 ὅσα
907 3649 944 3665 ·-
960 3639 1083 3695 κεραννυ-

61 3696 155 3760 gniiieo
174 3695 217 3746 illo
238 3696 373 3746 verborum
392 3701 484 3746 ornatu
502 3710 548 3746 co-
598 3717 653 3761 ται,
671 3713 743 3748 snam
756 3698 839 3748 lucem
850 3694 985 3761 accipiunt.
1014 3690 1082 3772 Num

62 3764 192 3830 pulavisse
225 3777 373 3830 perversam
403 3765 478 3814 istam
508 3769 549 3815 at·
599 3771 702 3833 praeter
727 3765 778 3816 dno
794 3765 838 3815 illa
854 3777 940 3815 rerum
960 3759 1083 3828 princepis

64 3848 115 3897 qne
127 3828 219 3883 ordine
237 3830 388 3883 destitutam
406 3831 550 3897 argumenti
600 3834 769 3887 Parmenides
785 3832 859 3885 simul
875 3830 962 3898 posuit
977 3828 1083 3880 tertium

64 3899 200 3952 enarrandi
224 3901 360 3952 rationem.
405 3899 471 3952 Nam
488 3899 550 3950 illud
601 3903 702 3968 aliquod
727 3918 761 3953 ex
782 3907 893 3966 utroque
920 3897 1036 3952 mixtum.
1059 3887 1085 3946 i.

64 3975 168 4020 constat
193 3971 226 4019 ab
249 3985 282 4020 eo
300 3968 403 4035 saepius
429 3983 552 4020 essera-
601 3969 826 4024 Brundesl.e
845 3973 944 4035 plut.
975 3965 1016 4017 De
1034 3977 1086 4014 usn
1136 3985 1140 3998 1

64 4036 199 4089 hernenter
231 4043 258 4088 et
296 4037 391 4089 acerbe
425 4041 551 4099 notatum,
602 4039 702 4091 articuli
719 4041 777 4092 loco
797 4035 956 4105 pronominis
976 4034 1091 4086 demon·-

66 4104 137 4168 qnod
156 4103 287 4170 sophistae
312 4112 340 4157 et
361 4110 479 4156 oratores
495 4105 553 4156 nul·
605 4108 706 4158 strativi
727 4111 787 4158 ante
809 4104 918 4156 relativa
942 4119 968 4154 v·
985 4100 1087 4154 Phileb.

66 4174 119 4226 lum
142 4174 301 4226 indicendo
326 4172 441 4226 ordinem
465 4188 554 4226 serna-
604 4192 631 4242 p.
652 4181 693 4227 31.
717 4174 749 4226 Β.
771 4173 802 4226 c.
826 4173 860 4226 de
882 4167 994 4240 Republ·
1012 4169 1043 4223 V.
1062 4183 1088 4234 p,

12 4341 13 4352 χ
109 4277 178 4330 Plau
197 4271 268 4344 Oppl
285 4278 342 4330 Vol.
359 4276 392 4329 Π.
411 4276 482 4328 Seet.
501 4275 535 4328 ΙΙ.
837 4276 860 4338 6
